3076 4936
675 275 887 338 ...45-

314 466 462 549 Deuique
494 465 659 530 translato
697 485 825 546 quoque
863 485 962 529 seusu
994 465 1117 532 Seneca
1148 471 1272 554 primus
1305 495 1352 540 ex

211 573 374 657 pedestris
412 569 570 637 orationis
609 568 845 651 scriptoribus
881 569 1056 634 Horatium
1094 577 1248 655 secutus,
1286 577 1352 642 hac

210 676 454 762 praepositione
485 695 564 738 usus
596 693 669 738 esse
701 671 852 737 videtur:
886 694 913 737 e.
937 695 968 755 g.
992 677 1057 739 204
1080 678 1280 746 insanierunt
1312 684 1351 746 444

212 784 271 846 tur
294 782 443 844 4444444444
457 779 548 841 44444444
564 779 649 840 44444
672 775 872 857 Othryadem,
896 779 959 842 314
976 778 1106 863 4444494444
1129 785 1215 846 circe
1236 806 1351 850 44444444-

210 888 294 950 ricus
324 887 468 948 4444444444
500 883 643 960 4444444444,
677 882 777 944 33844
801 883 887 943 circu
910 883 1023 946 4444444444
1045 905 1196 950 nouercae
1218 866 1349 972 quidam

210 990 304 1053 444444
327 1008 377 1052 res
401 989 561 1066 4444444444,
585 987 679 1049 49944
705 985 791 1047 circu
812 984 895 1047 1444444
918 1006 1040 1051 sensum
1063 997 1107 1052 cst
1129 997 1156 1053 44
1178 993 1245 1059 dtu.

313 1111 352 1174 Iu
384 1131 445 1173 usu
478 1105 733 1191 praepositionis
761 1127 781 1168 4
805 1105 929 1188 Seneca
959 1129 1024 1172 non
1054 1109 1125 1174 fere
1158 1115 1296 1180 recessit
1327 1138 1350 1183 a

209 1215 307 1281 solito
335 1212 464 1278 dicendi
495 1231 626 1294 genere.
682 1210 799 1292 Itaque
829 1209 891 1274 hac
922 1211 956 1275 iu
986 1232 1022 1275 44
1055 1214 1200 1281 sufficiat
1240 1240 1347 1301 pauca

210 1320 395 1395 adnotasse,
420 1336 503 1399 quae
529 1314 616 1398 apud
639 1313 844 1396 Draegerum
867 1314 1059 1397 corrigenda
1082 1317 1158 1383 siut.
1190 1320 1251 1397 Qui
1274 1325 1347 1405 qui.

210 1425 283 1488 dem
306 1422 391 1487 dixit
412 1444 443 1505 p.
461 1422 522 1484 620
545 1419 695 1482 doemonis
711 1439 732 1480 4
746 1439 812 1483 nou
834 1418 975 1483 inveniri
997 1420 1061 1484 uisi
1084 1422 1170 1504 apud
1182 1424 1346 1492 Velleium

209 1531 242 1593 et
265 1527 407 1591 Plinium
429 1525 596 1590 maiorem.
628 1522 675 1588 At
697 1522 822 1588 Seneca
845 1544 971 1605 quoque
994 1524 1055 1589 hac
1078 1527 1242 1594 locutione
1265 1551 1346 1596 usus

209 1635 279 1698 est:
304 1634 389 1696 2124
413 1630 542 1716 aliquod
565 1636 683 1711 tempus
705 1629 841 1691 4444444444
857 1649 879 1690 4
900 1628 1018 1711 lapibus
1040 1632 1185 1694 oriscrioc
1199 1630 1346 1716 fuciunt,

208 1738 270 1801 486
282 1757 310 1800 44
332 1739 467 1800 immune
491 1756 511 1798 4
532 1735 661 1796 victoris
683 1734 747 1797 444.

310 1857 436 1922 ibidem
458 1856 647 1938 Draegerus
682 1853 780 1932 dicit,
815 1860 901 1917 4444444
935 1857 1127 1920 constanter
1150 1877 1224 1920 cum
1246 1879 1343 1940 prae-

207 1961 370 2045 positione
394 1981 414 2024 4
437 1960 607 2042 coniungi3
631 1980 706 2023 raro
730 1979 803 2022 cum
826 1958 983 2037 ablativo,
1007 1959 1093 2041 apud
1116 1961 1221 2024 solum
1237 1961 1343 2026 Luca-

208 2086 283 2129 num
314 2063 416 2129 etiam
446 2085 519 2129 cum
550 2062 716 2146 genetivo.
762 2060 955 2126 Addendum
983 2065 1034 2127 est
1064 2063 1150 2146 apud
1173 2064 1341 2145 Senecam,

208 2168 262 2250 qui
285 2170 318 2232 et
341 2167 412 2251 ipse
436 2167 516 2232 dicit
539 2173 624 2230 4444444
648 2187 668 2229 4
692 2163 736 2249 (e.
759 2187 791 2247 g.
815 2166 878 2228 224
888 2169 927 2243 4),
951 2165 1052 2229 etiam
1083 2166 1223 2233 inveniri
1255 2175 1343 2234 4444444

207 2272 358 2336 aduersus
383 2273 490 2350 15644,
515 2272 605 2348 2264,
631 2272 665 2335 44
688 2276 773 2333 4444444
797 2276 907 2332 contra
930 2271 970 2332 94
980 2290 1018 2334 m.

308 2393 457 2475 Denique
490 2391 543 2456 hic
575 2392 666 2456 locus
702 2392 957 2454 commemoratu
995 2390 1113 2473 dignus
1150 2392 1229 2457 mihi
1266 2415 1341 2460 esse

205 2498 352 2563 videtur:
387 2497 483 2560 11444
506 2496 582 2580 quid
604 2493 660 2557 4444
681 2494 827 2557 uidentur
849 2495 897 2557 4444
920 2492 958 2558 ut
981 2501 1104 2573 aratro,
1126 2499 1180 2580 qui
1196 2518 1340 2582 4444444-

205 2608 268 2666 4444
290 2623 349 2665 4444
371 2601 493 2663 tautum
515 2600 616 2674 fecere
638 2597 860 2680 rempublicam
867 2619 880 2679 ;
901 2598 957 2663 ubi
973 2600 1022 2662 4444
1037 2598 1076 2663 ab
1092 2608 1204 2664 urotro
1224 2602 1340 2667 eodem

204 2705 299 2770 modo
315 2704 434 2769 dicitur
450 2707 550 2785 atque
567 2703 803 2786 imperatorum
822 2701 1025 2785 temporibus
1041 2704 1134 2769 varia
1149 2704 1339 2771 officialium

205 2830 317 2874 eorum
339 2830 475 2874 munera
497 2808 776 2891 significabantur.
813 2805 910 2871 Cuius
934 2807 1062 2873 dicendi
1083 2809 1214 2890 generis
1238 2809 1337 2893 origi-

203 2934 278 2979 nem
301 2913 387 2996 apud
410 2912 598 2979 Ciceronem
620 2912 760 2977 inveniri
783 2911 879 2976 docet
902 2911 1088 2994 Draegerus
1111 2935 1142 2996 p.
1160 2916 1231 2979 623.

304 3035 354 3100 De
378 3035 620 3119 praepositione
651 3035 711 3113 444,
745 3055 828 3116 quae
852 3033 1048 3099 creberrima
1070 3034 1156 3117 apud
1180 3035 1336 3101 Senecam

203 3141 264 3217 444,
288 3138 368 3203 nihil
391 3139 502 3205 inveni
524 3140 707 3203 memoratu
731 3137 873 3220 dignum.
905 3137 1020 3218 Neque
1036 3138 1076 3201 de
1091 3139 1336 3221 praepositione

201 3263 263 3322 444,
295 3263 378 3324 quae
408 3263 473 3306 uon
500 3242 607 3306 minus
638 3241 751 3305 crebro
774 3240 951 3319 iuvenitur,
975 3241 1079 3305 multa
1101 3243 1204 3307 verba
1225 3243 1336 3309 facere

201 3366 283 3428 opus
296 3349 357 3411 est.
382 3345 603 3411 Commemoro
616 3345 813 3409 locutionem
825 3346 906 3408 uesci
915 3365 967 3409 cx:
986 3347 1047 3410 874
1063 3367 1100 3408 ccc
1112 3347 1217 3410 eadem
1229 3369 1335 3412 44444444

202 3451 291 3514 uesci.
335 3450 422 3515 Nam
445 3449 501 3514 alii
524 3449 702 3533 scriptores
727 3448 879 3513 dicebant
901 3450 981 3512 44444
1003 3451 1037 3512 iu
1059 3469 1173 3514 44444444.

303 3570 429 3637 Deinde
459 3575 578 3636 neutra
612 3571 848 3636 adiectivorum
879 3571 1006 3634 numeri
1049 3570 1224 3653 singularis
1262 3595 1335 3638 cum

201 3695 238 3737 444
264 3675 438 3740 coniuncta
460 3675 546 3759 apud
562 3676 718 3740 Senecam
734 3674 815 3739 haec
830 3675 1059 3740 inveniuntur:
1086 3678 1124 3739 12
1135 3697 1160 3738 44
1176 3675 1232 3738 tec
1247 3697 1335 3741 ruore

200 3779 283 3861 quod
315 3786 437 3842 4444444444
468 3800 505 3852 cx
537 3786 624 3843 444444
655 3785 763 3862 4444444,
796 3781 836 3841 29
846 3802 859 3840 o
882 3798 919 3840 ca
947 3778 1058 3842 1444444444
1066 3828 1075 3859 ,
1107 3782 1167 3843 314
1191 3800 1275 3863 spem
1297 3801 1335 3844 cu:

197 3885 356 3964 praesenti
377 3884 514 3947 4444444444.

303 3988 402 4050 29644
424 3986 582 4069 scriptum
616 3988 683 4050 est:
715 4007 753 4049 44
782 3985 922 4064 diuerso,
947 3984 1032 4067 quod
1054 3987 1142 4050 teste
1165 3986 1333 4070 Draegero

200 4088 300 4154 etiam
323 4089 409 4171 apud
433 4089 579 4154 Curtium
602 4089 778 4155 invenitur.
868 4128 873 4137 ·

302 4211 419 4293 Neque
445 4210 553 4275 minus
580 4211 754 4277 locutionis
782 4233 818 4274 444
834 4219 895 4276 4444
911 4211 1099 4292 Draegerus
1115 4233 1146 4294 p.
1164 4214 1203 4276 57
1220 4232 1332 4277 exem-

200 4315 289 4397 plmu
313 4336 355 4379 ex
378 4315 489 4381 Curtio
512 4318 677 4398 sumptum
700 4315 881 4380 adnotavit.
913 4315 976 4380 Sed
996 4337 1070 4398 pag.
1088 4317 1127 4378 59
1144 4314 1228 4379 idem
1252 4316 1331 4382 dicit
