3076 4936
661 315 872 377 „28-

201 510 311 571 autom
343 504 602 569 emendationem
634 525 738 586 nuper
769 504 940 588 proposuit
963 506 1104 571 Thomas
1136 508 1169 572 in
1192 508 1332 572 Hermae

199 611 257 673 rol.
277 610 354 673 XXI
378 612 406 687 1,
429 631 460 692 p.
477 611 532 674 48:
557 609 610 671 sed
633 609 709 692 perid
727 609 878 690 focium?
899 607 1048 694 <potrio‚>
1068 613 1173 695 petris
1196 614 1242 676 tici
1264 613 1333 675 dico

202 716 356 787 misercom
379 716 456 796 post
479 734 562 795 quae
584 713 687 776 verba
709 733 827 777 nomen
849 713 991 778 rhetoris
1014 714 1152 780 alicuius
1170 715 1332 781 excidisse

199 819 304 900 putat.
335 817 426 882 Haeo
449 815 551 898 igitur
574 815 762 881 coniectura
784 816 863 881 mihi
886 838 1014 899 quoque
1036 818 1168 885 videtur
1190 821 1332 903 proban·

199 921 241 986 da
263 941 346 987 esse.

302 1023 354 1088 Ex
378 1025 478 1089 verbo
498 1025 570 1106 fieri
592 1027 702 1088 utrum
726 1024 812 1106 apud
836 1024 992 1090 Senecam
1021 1025 1153 1091 dativus
1176 1049 1218 1092 an
1241 1030 1332 1094 abla-

199 1128 288 1192 tivus
310 1128 471 1211 pendeat,
495 1150 554 1211 pro
582 1131 672 1192 certo
696 1127 759 1192 dici
782 1149 847 1193 non
869 1130 990 1211 potest.
1036 1128 1123 1194 Nam
1147 1134 1224 1195 1921
1250 1134 1333 1217 quod

195 1233 269 1314 fieri
291 1233 365 1295 solet
394 1232 536 1294 victumis
563 1234 597 1295 et
624 1230 757 1295 dativus
784 1234 819 1295 et
852 1230 1020 1297 ablativus
1042 1236 1153 1316 potest
1174 1234 1331 1318 intellegi.

199 1336 295 1401 Alter
318 1339 429 1400 autem
452 1337 552 1413 locus,
577 1334 632 1417 qui
654 1334 717 1399 huc
740 1338 891 1417 spectare
906 1335 1047 1414 videtur,
1072 1341 1245 1421 corruptus
1261 1343 1331 1406 est:

202 1442 297 1506 16912
320 1441 349 1503 si
371 1440 552 1520 reduxerit,
574 1440 684 1522 iuquit,
706 1438 795 1517 ilios,
819 1445 845 1501 et
874 1439 950 1522 quid
969 1439 1054 1522 fiet?
1098 1440 1150 1506 Sio
1181 1442 1267 1506 enim
1299 1442 1333 1508 in

201 1543 365 1610 codicibus
397 1543 555 1608 traditum
587 1544 648 1608 est.
705 1541 767 1607 Sed
802 1542 945 1607 Senecae
975 1543 1117 1609 editores
1146 1543 1334 1610 iamdudum

200 1647 436 1712 intellexerunt
466 1667 645 1730 pronomen
668 1645 866 1724 desiderari,
901 1668 964 1727 quo
988 1647 1194 1731 adoptandus
1217 1670 1252 1713 se
1276 1671 1333 1733 op-

199 1754 301 1834 ponat
324 1749 438 1816 divitis
468 1749 560 1829 filiis,
592 1750 647 1832 qui
681 1771 762 1815 voce
784 1750 854 1814 illos
877 1750 1054 1832 significati
1077 1755 1162 1817 suut.
1208 1753 1333 1818 Deinde

200 1862 228 1918 et
249 1854 329 1919 ferri
352 1875 416 1919 non
439 1875 555 1938 posse,
585 1875 680 1919 nemo
703 1853 784 1932 erit,
816 1852 894 1936 quin
916 1853 1038 1920 videat.
1084 1855 1207 1932 Quibus
1230 1858 1332 1923 ratio-

200 1958 295 2022 nibus
319 1959 435 2023 ductus
451 1956 633 2022 Bursianus
656 1957 807 2040 scripsit:
832 1978 879 2020 me
901 1959 977 2041 quid
994 1959 1072 2040 fiet?
1096 1959 1332 2044 Kiesslingius:

199 2061 275 2146 quid
311 2082 358 2125 me
385 2063 466 2146 fiet?
511 2062 654 2138 Quarum
694 2061 956 2127 coniecturarum
993 2064 1217 2146 praestantior
1253 2065 1333 2130 mihi

199 2165 330 2232 videtur
352 2165 515 2230 Bursiani.

303 2269 358 2332 De
380 2270 561 2334 ablativo
584 2289 803 2334 incisurae.
836 2268 996 2351 (Draeger
1017 2269 1035 2350 ἓ
1059 2267 1144 2351 245).

303 2372 453 2438 Ablativi
475 2394 648 2438 mensurae
670 2376 708 2438 ut
730 2374 816 2457 apud
839 2377 967 2438 ceteros
990 2373 1168 2457 scriptores
1183 2375 1231 2440 ita
1247 2377 1332 2460 apud

201 2478 356 2542 Senecam
371 2477 515 2542 maxime
531 2476 772 2558 coniunguntur
788 2498 861 2542 cum
877 2477 1121 2560 comparativis,
1138 2500 1165 2543 e.
1178 2501 1209 2560 g.
1226 2482 1332 2560 currito,

199 2582 318 2663 purilio,
342 2601 385 2660 eo,
408 2589 535 2665 quanto,
559 2587 657 2659 inrito,
674 2583 846 2665 aliquante.
879 2580 1022 2656 Quorum
1037 2582 1189 2665 exempla
1204 2582 1333 2666 singula

200 2707 390 2751 enumerare
413 2708 494 2769 opus
517 2708 581 2751 non
604 2707 677 2750 esse
698 2689 788 2769 puto.

202 2794 240 2857 ’.Β
303 2789 364 2854 His
398 2812 476 2855 vero
510 2789 641 2855 omissis
675 2789 813 2854 ablativi
847 2810 1020 2853 mensurae
1049 2811 1069 2854 a
1099 2793 1332 2874 comparativis

200 2894 380 2978 pendentes
403 2894 470 2959 rari
493 2897 571 2958 sunt
593 2893 680 2976 apud
704 2893 876 2971 Senecam,
907 2895 944 2957 ut
973 2914 1037 2957 non
1066 2894 1246 2960 invenerim
1269 2896 1332 2960 nisi

201 3021 300 3063 unum
316 2999 519 3082 exemplum:
536 2999 620 3063 4279
637 2996 778 3060 timebam
794 3017 832 3059 rie
847 3017 910 3059 urio
922 2996 1042 3059 rhetore
1056 2999 1128 3080 ptus
1143 2998 1331 3064 boberermm.

304 3102 429 3167 Deinde
452 3102 590 3167 ablativi
612 3123 785 3168 mensurae
802 3123 874 3166 oum
899 3100 995 3164 uerbis
1019 3100 1182 3167 coniuncti
1205 3103 1331 3168 inveni-

200 3210 308 3272 untur.
354 3205 403 3270 Ac
425 3206 567 3288 primum
590 3204 735 3287 quidem:

303 3308 335 3390 a)
359 3308 445 3393 apud
468 3329 516 3387 ea,
542 3309 658 3390 quibus
675 3307 765 3374 notio
782 3308 1000 3391 comparativi
1016 3308 1120 3374 inest:
1146 3312 1223 3374 5410
1246 3317 1332 3374 terito

362 3412 539 3476 antecedere
562 3413 743 3496 eloquentie,
766 3418 883 3497 querito
906 3410 1049 3491 fortrmu,
1066 3412 1152 3474 2433
1169 3395 1288 3495 infinito
1303 3436 1334 3480 se

359 3525 415 3580 orit
404 3516 564 3581 ttecedebo.

300 3619 333 3702 b)
359 3621 440 3685 Tum
472 3621 573 3685 ablat'
548 3624 618 3686 tivo
647 3642 821 3686 mensurae
851 3642 925 3735 oum
956 3619 1066 3684 verbis
1096 3619 1268 3687 coniuncto
1232 3623 1332 3687 tid

359 3725 573 3807 significatur,
591 3689 957 3807 qifdiliquidttmetinur
982 3722 1099 3799 Quom
1114 3744 1248 3789 numero
1265 3730 1331 3791 est:

301 3836 392 3892 cest
402 3831 556 3903 imore:
588 3831 665 3894 6812
688 3849 725 3892 rie
748 3850 780 3893 co
803 3829 925 3914 quidem
948 3835 1016 3890 aest
1014 3829 1105 3909 i‚mcs
1128 3837 1248 3912 quauta
1270 3833 1332 3894 istu

200 3934 371 3999 crudelitas
403 3935 460 4014 sit,
494 3934 578 3997 3289
609 3954 672 3996 riou
705 3941 769 4016 cst,
802 3933 885 4018 quod
917 3932 1057 3996 mulieris
1090 3932 1333 4018 offectura‘iepe

199 4039 373 4102 aestimetis.

304 4142 425 4218 Quodsi
457 4141 651 4207 Kuehnerus
680 4145 701 4207 l.
726 4164 752 4208 c.
776 4163 807 4225 p.
833 4143 893 4206 162
928 4139 1026 4218 dicit,
1062 4141 1228 4204 oestiumre
1260 4162 1332 4206 cum

201 4247 265 4312 abl.
289 4245 441 4328 coniungi
469 4246 545 4312 inde
575 4267 595 4311 a
626 4247 718 4313 Livio
748 4268 807 4330 pro
840 4245 1006 4309 aestimare
1039 4265 1077 4308 erc
1087 4293 1097 4326 ‚
1132 4245 1217 4310 idem
1246 4245 1332 4327 apud

201 4350 356 4415 Senecam
380 4349 511 4434 saepius
534 4352 686 4418 occurrit.
