3076 4936
659 267 870 330 „37-

300 458 546 542 Tamquam:
575 460 673 523 39514
703 457 859 542 effieqiant
893 480 967 543 erqo
1001 461 1139 526 adulteri
1171 469 1332 548 tamquam

199 564 353 646 adipatae
375 561 511 626 Cimonis
533 583 655 626 manus.

299 668 482 749 Quippe:
514 667 591 729 4314
625 667 738 750 quippe
770 687 832 730 non
869 668 1006 731 sotiatus
1041 671 1132 733 modo
1169 670 1333 736 caedendis

199 770 326 836 ciuibus

301 875 446 954 Quasi:
471 876 524 938 114
547 880 611 939 stat
639 876 799 939 immotum
830 895 917 939 mare
947 883 974 940 et
996 877 1087 960 quasi
1109 876 1277 960 deficientis
1295 880 1332 943 in

199 999 254 1042 suo
267 978 336 1061 fine
358 983 495 1041 naturae
515 979 614 1060 pipra
635 979 738 1042 moloc.

299 1082 519 1161 Quamuis:
552 1084 651 1146 10944
681 1082 831 1166 quornodo
865 1083 1054 1167 sacrilepus,
1088 1085 1229 1168 quarnois
1257 1107 1278 1148 a
1306 1094 1334 1150 te

199 1192 303 1250 seruat
304 1205 351 1265 aa,
373 1187 499 1267 periret,
523 1187 568 1249 sic
582 1187 712 1250 alterius
732 1187 856 1269 puellae
879 1194 1001 1270 raptor,
1024 1189 1132 1251 liceto
1083 1195 1175 1252 tte
1192 1198 1334 1254 seruatus

199 1289 322 1374 peribit.

300 1394 372 1458 Huc
402 1415 480 1458 vero
511 1416 576 1459 non
606 1398 700 1478 spect
701 1417 758 1459 444
785 1394 878 1460 videt
863 1399 934 1460 tur:
958 1397 1057 1459 45914
1079 1397 1171 1459 sinite
1193 1415 1265 1481 erpo
1289 1417 1334 1460 me

199 1499 290 1561 semet
324 1496 493 1559 ealeaurire
525 1497 708 1560 memoriam
741 1517 841 1560 meam
875 1504 901 1560 et
932 1498 1076 1562 dimittite
1107 1500 1154 1562 oet
1185 1498 1336 1562 adactam

198 1600 419 1679 iureiurando,
435 1620 495 1683 quo
510 1599 682 1680 adfirmem,
705 1601 821 1664 didisse
836 1621 883 1664 me
897 1621 976 1685 quae
991 1603 1077 1665 soioi.
1108 1600 1196 1666 Nam
1212 1604 1257 1666 oet
1270 1624 1335 1668 non

200 1705 241 1770 ad
270 1703 490 1788 participium,
514 1704 572 1768 sed
601 1705 643 1770 ad
676 1703 886 1768 iureiurando
918 1708 978 1785 aut
1011 1703 1122 1789 potius
1155 1706 1197 1771 ad
1230 1709 1336 1772 totam

200 1807 396 1873 locutionem
420 1807 552 1872 videtur
574 1808 790 1873 referendum.

300 1911 357 1974 De
400 1912 606 1995 pereendio
650 1919 686 1976 et
729 1911 966 1996 perundiuo.
1040 1912 1089 1977 De
1133 1911 1335 1979 nominativo

200 2014 350 2098 gerundii
373 2019 407 2080 et
429 2015 618 2097 gerundivi,
648 2015 768 2100 quippe
791 2038 854 2099 quo
877 2015 1001 2082 Seneca
1024 2015 1121 2080 solito
1144 2037 1234 2081 more
1257 2038 1336 2081 usus

202 2119 262 2198 sit,
292 2119 397 2184 multa
427 2119 530 2183 verba
558 2119 668 2185 facere
691 2142 773 2204 opus
796 2143 861 2186 non
884 2124 944 2186 est.
990 2121 1107 2202 ltaque
1130 2120 1191 2185 hoo
1214 2120 1335 2187 omisso

202 2222 348 2288 dicamus
371 2222 411 2287 de
434 2225 613 2286 accusativo
636 2226 799 2306 pereendii,
833 2223 884 2289 cui
908 2223 994 2289 sicut
1017 2224 1103 2307 apud
1126 2223 1209 2288 alios
1233 2224 1336 2307 scrip-

202 2330 292 2391 tores
326 2326 417 2394 locus
451 2348 524 2391 esse
559 2327 643 2393 solet
677 2328 763 2412 apud
797 2329 899 2393 verba
922 2328 1072 2391 tradendi
1103 2331 1137 2393 41
1160 2329 1337 2410 accipiendi

202 2427 366 2511 (Draeger
389 2428 406 2509 ἓ
430 2428 518 2512 596).
564 2431 617 2496 Ex
649 2430 785 2514 quibus,
821 2453 905 2514 quae
935 2431 1034 2497 solita
1063 2434 1161 2510 sunt,
1196 2452 1336 2497 441114114-

201 2553 348 2597 morasse
371 2533 525 2599 sufficiat.

305 2639 338 2715 1)
361 2638 617 2722 relinquere:
635 2640 719 2703 1015

303 2737 699 2822 2)aecipere:1.03m

324 2841 372 2924 )t
360 2844 543 2907 1.·4441444
568 2847 673 2924 12241,
699 2848 807 2911 30441.

326 2946 477 3027 )41444.·
500 2949 593 3028 3004,
618 2950 725 3015 30514.
786 2973 789 2978 ·

325 3050 707 3133 )mandare:13142a

327 3153 526 3234 )44444444.·
549 3157 659 3221 47141.

303 2845 323 2907 3

304 2949 324 3010 4

305 3054 324 3116 5

306 3157 324 3219 6

304 3258 415 3324 Etiam
439 3258 618 3323 tabere
609 3282 643 3324 1n
666 3264 824 3343 argentea
847 3261 986 3344 quidem,
1004 3282 1087 3342 quae
1106 3260 1235 3339 dicitur,
1248 3260 1339 3326 Lati-

205 3363 311 3429 nitate
334 3384 408 3427 oum
431 3363 589 3444 gerundia
612 3363 661 3430 ita
682 3363 850 3429 invenitur
872 3365 1090 3443 coniunctum,
1118 3367 1155 3428 ut
1179 3363 1341 3446 significet

205 3469 371 3531 nostrum:
395 3472 491 3530 etuas
513 3488 554 3530 en
577 3469 653 3530 tlmn
676 3467 783 3547 talen,
809 3467 829 3548 (
829 3468 923 3532 liabeo
938 3469 1103 3533 dicendum
1118 3495 1160 3519 =
1175 3467 1341 3532 dicendum

206 3569 282 3632 milii
302 3568 377 3649 est).
411 3568 508 3634 Cuius
531 3592 610 3635 usus
634 3574 786 3636 auctores
809 3593 882 3636 oum
905 3572 1092 3655 Draegerus
1116 3574 1340 3636 enumerasset

207 3672 363 3737 Senecam
385 3673 622 3757 philosophum,
648 3674 869 3754 Columellam,
893 3674 1208 3755 Ρ11111ο4,Τ441141411,’
1231 3674 1265 3738 in
1281 3674 1341 3739 hoc

207 3797 334 3858 quoque
363 3798 484 3860 genere
507 3777 651 3843 Senecae
682 3778 806 3844 rhetori
835 3779 958 3863 primas
988 3782 1101 3862 partes
1131 3799 1205 3843 esse
1234 3777 1341 3844 vindi-

207 3879 329 3945 candas
362 3901 466 3962 nuper
495 3880 662 3947 intellexit
692 3881 916 3946 lleietmannus
927 3881 946 3960 ¹,
982 3881 1037 3964 qui
1069 3882 1155 3946 huno
1189 3880 1341 3964 loquendi

208 4007 303 4051 usum
325 3985 359 4050 in
375 3986 476 4053 Cestii
492 3988 542 4053 Pii
566 3988 751 4068 sententiis,
776 4010 796 4054 a
811 3989 934 4055 Seneca
949 3988 1043 4053 nobis
1059 3987 1202 4066 11401114,
1225 3990 1278 4052 144
1292 3986 1342 4050 111-

208 4144 414 4152 ——-—-----

310 4231 380 4284 101.
408 4231 440 4284 E.
468 4231 626 4298 Woelfflin,
652 4232 757 4285 Archiv
783 4233 828 4285 fiir
854 4231 1017 4285 lateinisohc
1043 4228 1264 4298 Lexioographie
1290 4226 1345 4284 und

207 4317 386 4384 Grammatik,
407 4316 436 4368 II
456 4321 468 4368 l
488 4334 514 4387 p.
535 4320 568 4370 67
587 4335 611 4370 u.
631 4321 673 4371 68.
