3076 4936
645 316 858 378 ...29-

285 507 410 572 Eodem
432 506 527 571 modo
550 508 730 587 usurpatur
754 504 871 569 etiam:

283 613 469 676 censeri:
513 611 610 674 39316
649 611 702 692 qui
746 608 954 672 mendacitate
999 620 1183 692 censentur,
1221 620 1317 684 50722

181 717 397 782 misericordia
422 735 540 798 semper
564 715 646 777 cercsi
668 733 786 776 sarnus.

285 820 506 885 Accusativus
529 821 640 883 autem
663 838 722 901 pro
746 817 893 882 ablativo
916 839 1092 886 mensurae
1107 824 1235 905 positus
1251 830 1316 892 est:

183 929 226 991 3⁴
251 945 267 987 o
289 932 441 1009 quantuni·
471 921 657 1006 mopnitocio
690 928 746 983 tae
768 941 875 983 rerum
897 942 1014 1006 qnoque
1036 932 1185 989 naturum
1208 948 1317 1012 seper-

182 1051 291 1114 presso
314 1035 367 1092 est.
413 1026 510 1091 Cuius
540 1047 618 1090 usus
651 1025 838 1106 Draegerus
861 1025 876 1088 I
899 1048 929 1109 p.
954 1028 1016 1091 565
1049 1033 1201 1113 exempla
1230 1054 1318 1098 com-

181 1134 277 1218 plura
292 1154 334 1197 ex
350 1130 513 1208 Cicerone,
538 1128 686 1207 Caesare,
710 1128 803 1193 Livio
826 1134 1006 1196 enumerat.
1037 1133 1100 1199 Sed
1123 1155 1196 1199 cum
1219 1137 1320 1203 addat

143 1225 145 1230 ¹
182 1237 233 1301 his
256 1235 406 1319 exeeptis
429 1235 554 1299 nullum
576 1233 640 1297 nisi
662 1254 762 1296 unum
777 1232 947 1297 Taciteum
970 1238 1114 1315 exstare,
1139 1239 1252 1305 dubito
1276 1263 1319 1306 an

71 1427 74 1434 Ι
180 1340 242 1406 hoc
265 1340 480 1404 Annaeanum
502 1336 552 1401 illi
573 1339 687 1401 notum
709 1357 774 1400 non
797 1335 907 1401 fuerit.

285 1444 344 1507 De
372 1441 570 1506 oblotioo
600 1442 959 1522 comparationis.
1007 1441 1167 1526 (Dranger
1189 1444 1206 1526 ἓ
1231 1447 1316 1528 246).

183 1546 381 1630 Saepissime
414 1546 451 1608 ut
485 1542 571 1625 apud
605 1563 717 1607 omnes
763 1542 941 1626 scriptores
972 1544 1108 1610 Latinos
1150 1547 1197 1612 ita
1230 1551 1318 1632 apud

183 1651 360 1727 Senecam,
396 1647 424 1711 si
454 1646 696 1729 comparativos
727 1644 891 1728 particula
923 1667 1017 1731 quone
1040 1652 1074 1712 et
1096 1651 1318 1719 nominativus

183 1752 383 1819 substantivi
420 1753 621 1831 sequuntur,
667 1750 789 1814 omissa
832 1750 996 1832 particula
1036 1751 1202 1818 ablativus
1240 1759 1317 1822 sub-

183 1857 323 1924 stantivi
353 1855 495 1939 ponitur.
540 1853 695 1917 Rariores
718 1857 829 1918 autem
852 1858 928 1919 sunt
951 1855 981 1919 ei
1004 1856 1085 1935 loci,
1118 1859 1235 1939 quibus
1257 1883 1317 1944 pro

182 1982 277 2046 quoin
310 1980 383 2024 cum
417 1958 607 2022 accusativo
642 1957 809 2022 ablativus
843 1959 1098 2040 comparationis
1131 1967 1317 2046 usurpetur.

183 2064 229 2129 At
263 2062 407 2129 enimero
440 2063 516 2124 421⁴
540 2081 619 2144 quoe
649 2061 759 2144 perillo
790 2063 863 2144 pices
896 2061 979 2124 inille
1010 2063 1156 2144 passibus
1186 2087 1206 2128 o
1233 2070 1319 2132 mori

185 2168 268 2232 obest
291 2167 333 2231 ab
355 2187 417 2229 usu
440 2164 568 2229 dicendi
591 2164 788 2247 scriptorum
818 2164 962 2247 optimae
994 2167 1116 2232 aetatis
1139 2190 1203 2234 non
1226 2193 1317 2237 rece-

185 2274 262 2339 dere
293 2272 381 2336 inter
412 2291 524 2336 omnes
548 2273 696 2346 constat;
721 2270 761 2334 ct.
786 2270 933 2351 Draeger
954 2292 985 2353 p.
1010 2272 1082 2350 566,
1107 2275 1145 2351 5;
1169 2273 1318 2340 Ellendt-

185 2378 327 2459 Seyffert
350 2374 367 2456 §
392 2377 469 2453 180,
494 2374 567 2438 adn.
593 2376 621 2438 2.
666 2373 782 2455 Neque
805 2373 910 2455 magis
933 2374 1058 2440 insoliti
1080 2380 1157 2441 sunt
1180 2377 1318 2443 ablativi

185 2479 439 2563 comparationis
470 2499 529 2561 pro
560 2498 655 2560 quoni
683 2480 717 2541 et
747 2477 938 2541 accusativo
959 2477 1076 2561 positi,
1106 2480 1218 2561 quiin
1241 2503 1317 2546 eon·

185 2583 366 2648 structione
382 2580 564 2647 accusativi
581 2603 654 2644 cum
669 2580 725 2645 inf.
742 2581 968 2658 inveniantur;
992 2602 1020 2646 e.
1036 2603 1067 2664 g.
1086 2585 1198 2661 Ibin-n
1222 2586 1317 2650 4816.

185 2688 333 2769 Denique
356 2687 418 2751 soli
441 2686 589 2750 ablativo
612 2686 703 2750 locus
727 2688 778 2749 est
801 2685 834 2749 in
856 2685 1048 2768 pronomine
1070 2687 1211 2753 relativo
1227 2689 1319 2753 velut

186 2793 246 2855 566
270 2792 351 2854 dicit
374 2792 454 2855 ciuus
476 2811 545 2871 res,
578 2789 688 2873 quibus
711 2790 869 2852 stultiores
891 2809 928 2850 ne
950 2790 1015 2871 ipse
1037 2790 1158 2873 quidem
1181 2812 1318 2874 uinquam

185 2896 318 2960 diceret.
364 2894 522 2959 Similiter
545 2896 607 2958 214
617 2916 640 2955 ‘n
669 2896 702 2957 et
725 2894 818 2957 4866.
864 2892 985 2957 Contra
1019 2894 1158 2958 asolito
1191 2894 1318 2960 dicendi

185 3020 246 3063 usu
268 2997 425 3063 recedunt
448 2998 481 3061 hi
503 2997 584 3061 loci:
610 2998 701 3061 11521
731 3017 773 3058 on
799 2997 845 3058 nil
866 2998 970 3078 plieris
989 2996 1097 3076 faciet
1119 2999 1234 3059 morito
1257 2996 1318 3076 (==

185 3122 278 3185 quoni
311 3100 501 3183 crocitare),
537 3104 631 3166 15517
664 3121 762 3163 norton
790 3100 902 3162 hornen
933 3120 996 3184 qao
1028 3099 1082 3162 tibi
1112 3101 1196 3163 irato
1226 3102 1317 3163 sutis·

182 3205 308 3285 fociorn
332 3212 378 3267 ter
395 3207 502 3287 piaris
526 3206 610 3269 oncoi
630 3205 822 3288 patrimonio
842 3210 929 3286 pato.
1344 3187 1349 3213 ⁴

287 3307 465 3373 Locutione
482 3309 683 3391 plesiano,
719 3328 802 3388 quae
828 3307 902 3370 inde
926 3327 946 3371 a
968 3305 1061 3370 Livio
1084 3305 1170 3389 apud
1202 3327 1319 3389 prosae

186 3412 344 3477 orationis
368 3412 546 3496 scriptores
570 3411 745 3488 invenitur,
770 3410 894 3475 Seneca
917 3430 1044 3492 quoque
1067 3430 1145 3473 usus
1164 3414 1216 3475 est
1232 3412 1317 3475 6464.

187 3514 278 3590 Quod
300 3515 483 3580 addendum
507 3518 558 3579 est
581 3515 667 3598 apud
690 3515 892 3595 Draegerum
916 3514 940 3592 I,
965 3515 1037 3577 565.
1136 3601 1138 3603 ¹

288 3620 346 3683 De
370 3615 566 3683 ublotioo
586 3621 731 3701 pretii.
778 3617 939 3699 (Draeger
962 3616 980 3698 ἓ
1004 3614 1090 3697 247).

288 3724 326 3788 ln
348 3724 409 3788 hoc
438 3723 585 3788 ablativo
615 3722 696 3786 nihil
728 3721 852 3787 insoliti
884 3722 969 3805 apud
993 3721 1149 3786 Senecam
1179 3721 1320 3786 inveniri

185 3827 366 3910 perspicias
389 3849 431 3892 ex
454 3828 505 3891 his
536 3826 632 3891 locis:
668 3828 724 3903 aa
749 3828 830 3902 2583
866 3827 959 3902 3512;
991 3827 1084 3901 45113
1116 3827 1207 3902 50243
1240 3826 1318 3901 5453

186 3933 278 4008 87133
303 3933 395 4009 921o3
421 3933 520 4008 12173
547 3933 644 4007 rann
670 3932 782 4007 179203
809 3931 907 4005 lala
932 3930 1024 3992 5152.

289 4035 420 4101 Verba:
474 4042 591 4112 ntor,
643 4035 793 4114 fruor,
848 4033 1033 4115 fonpor,
1089 4031 1317 4114 defnrcpor,

185 4141 335 4221 potior
369 4139 531 4221 (Draeger
553 4138 570 4220 ξ
595 4136 670 4219 248)
701 4158 830 4221 semper
859 4158 932 4200 cum
965 4134 1111 4199 ablativo
1145 4135 1319 4199 coniuncta

186 4248 272 4323 sunt,
296 4245 361 4309 nisi
383 4245 468 4325 quod
491 4246 594 4326 potior
623 4265 696 4307 cum
726 4241 879 4323 genetivo
908 4238 1042 4323 ponitur
1072 4239 1106 4301 in
1137 4237 1317 4303 locutione:

186 4370 290 4413 reruni
314 4350 426 4433 potiri;
452 4349 536 4431 qued
559 4348 708 4413 omuibus
731 4344 932 4427 temporibus
955 4342 1114 4406 usitatum
1138 4344 1219 4425 erat.
