3076 4936
671 287 861 348 -8-

302 473 337 557 b)
364 477 555 558 „compos“
582 477 669 541 45ιο.

304 577 334 661 c)
361 580 563 657 „consors“
592 581 677 644 7320.

303 682 336 766 d)
364 685 538 766 „pleoes“
566 686 660 762 24123
685 687 764 762 2653
788 687 896 750 33210.

302 785 333 869 e)
356 786 405 852 Dc
427 786 610 867 adiectivis,
635 788 751 870 quibus
775 788 999 854 similitudinis
1022 790 1113 855 notio
1133 790 1229 868 inest,
1254 812 1334 855 non-

199 890 289 954 nulla
311 889 377 954 iam
401 888 487 955 dixit
510 889 684 969 Sanderus,
709 891 999 974 Sprachgebrauch
1029 892 1061 956 Il
1084 913 1158 976 pag.
1183 895 1202 957 9
1226 896 1260 958 et
1285 895 1333 958 m.

199 993 309 1076 Longe
332 992 434 1076 igitur
455 992 604 1076 plurimis
627 994 707 1059 locis
737 997 849 1059 struitis
877 1017 950 1060 cum
972 995 1085 1061 dativo
1109 995 1333 1078 coniungitur;

201 1098 256 1180 qui
278 1119 358 1162 usus
381 1098 467 1180 apud
491 1097 647 1163 Senecam
670 1099 752 1164 adeo
774 1098 990 1182 pervulgatus
1013 1102 1074 1177 est,
1098 1102 1136 1164 ut
1158 1099 1259 1164 etiam
1274 1121 1334 1182 pro

199 1203 282 1282 „mei
314 1203 371 1282 t'm',
402 1204 453 1264 sai
483 1202 623 1282 simitis“,
657 1203 742 1284 quod
769 1202 913 1286 optimae
936 1202 1128 1268 Latinitatis
1156 1203 1333 1286 scriptores

199 1304 312 1370 dicunt
346 1303 399 1387 (cf.
432 1304 580 1386 Draeger
611 1326 642 1388 p.
666 1302 763 1387 445),
797 1305 853 1370 ille
882 1304 1003 1370 habeat
1033 1305 1145 1386 „mita
1175 1305 1247 1386 tibi,
1276 1303 1334 1368 sibi

199 1407 337 1472 struitis“.

302 1512 417 1594 Neque
439 1515 550 1578 tamen
573 1515 746 1595 genetivos
769 1535 899 1596 semper
917 1512 1068 1579 evitavit.
1114 1513 1224 1579 Unum
1247 1513 1333 1578 enim

198 1616 305 1681 locum
327 1617 393 1682 iam
417 1617 542 1682 Sander
563 1618 584 1682 l.
609 1639 635 1682 c.
659 1616 822 1701 apposuit,
847 1638 910 1699 quo
933 1616 1044 1681 similis
1077 1640 1149 1683 cum
1178 1617 1333 1700 genetivo

199 1720 407 1786 coniunctum
430 1724 498 1787 est:

304 1844 381 1907 1510
403 1843 506 1906 ooooo
528 1863 591 1906 ooo
614 1863 682 1907 soro
705 1863 741 1906 ec
763 1843 831 1907 olle
852 1850 946 1926 porte
961 1843 1195 1908 Atheniensium
1211 1843 1331 1908 similis.

200 1984 239 1991 —
263 1946 357 2012 Aduo
381 1948 538 2013 alterum:
564 1949 661 2012 50620
682 1946 791 2011 holuit
814 1948 935 2032 aliquid
960 1947 1135 2012 Promethei
1157 1949 1265 2012 simite.

302 2051 373 2116 Hoc
395 2052 466 2116 loco
489 2051 590 2116 etiam
619 2051 818 2117 adiectivum
845 2054 1068 2136 „oeqreolis“
1100 2073 1333 2118 commemoro:

199 2157 297 2219 29419
321 2156 375 2219 sed
398 2155 454 2219 loc
476 2157 604 2240 oeqeote
627 2157 842 2238 omoiumest,
865 2164 899 2219 ut
923 2208 930 2222 .
955 2208 962 2222 .

302 2275 393 2352 Quod
416 2274 616 2341 adiectivum
638 2297 711 2340 cum
732 2275 919 2359 Draegerus
935 2278 956 2341 l.
974 2298 1003 2342 c.
1020 2275 1151 2342 omnino
1176 2276 1333 2355 omiserit,

199 2380 392 2445 Kuehnerus
408 2379 517 2444 Grom.
534 2379 564 2445 ct.
581 2381 638 2444 lot.
655 2377 796 2464 Sproolce
812 2379 829 2462 ἓ
847 2380 923 2446 855
945 2403 1046 2445 unum
1062 2381 1132 2446 eius
1148 2382 1334 2464 exemplum

199 2505 241 2549 ex
264 2484 428 2549 Ciceronis
451 2486 536 2567 legg.
561 2487 590 2564 2,
615 2487 634 2548 4
658 2483 782 2550 attulit.

301 2602 330 2687 f)
368 2604 606 2688 „Proprios“
645 2605 731 2688 apud
754 2605 911 2670 Senecam
935 2607 1042 2684 deest;
1080 2605 1329 2683 „coeneuoetis“
1382 2635 1384 2639 ·

199 2711 310 2776 autem
333 2731 462 2792 semper
485 2711 558 2774 cum
581 2709 694 2774 dativo
718 2708 935 2791 coniungitur.

161 2817 163 2821 ”
302 2814 392 2891 Quae
415 2812 581 2879 adiectiva
595 2813 784 2896 Draegerus
800 2816 860 2878 sub
883 2812 918 2896 g)
940 2811 974 2896 h)
999 2811 1023 2895 i)
1046 2817 1226 2892 enumerat,
1247 2813 1333 2897 apud

200 2919 356 2985 Senecam
380 2939 453 2984 cum
475 2915 629 3000 genetivo
653 2916 827 2983 coniuncta
849 2939 914 2982 non
937 2920 1121 2982 occurrunt.

302 3036 337 3120 k)
365 3036 559 3122 „Dipeeos“
587 3059 716 3121 semper
739 3059 811 3102 cum
835 3037 982 3103 ablativo
1007 3038 1223 3120 coniungitur.

302 3142 395 3206 Haec
417 3144 494 3206 sunt
517 3140 691 3220 adiectiva‚
717 3163 800 3224 quae
823 3141 924 3207 etiam
948 3142 1034 3225 apugl
1056 3141 1244 3207 Ciceronem
1260 3164 1332 3207 cum

199 3250 307 3330 genet.
325 3245 499 3311 coniuncta
513 3243 734 3311 inveniuntur.
767 3247 836 3310 lam
852 3249 1060 3311 transeamus
1076 3246 1117 3310 ad
1133 3246 1332 3311 recensenda

199 3372 247 3429 ea,
273 3372 355 3433 quae
379 3371 399 3415 a
421 3349 640 3433 posteriorum
662 3352 846 3432 temporum
878 3348 1103 3432 scriptoribus,
1127 3349 1334 3432 maximeque

200 3476 283 3537 quae
306 3475 326 3518 a
349 3454 472 3519 Seneca
494 3452 599 3536 primo
622 3453 670 3518 ita
693 3452 841 3517 adhibita
864 3456 949 3518 sunt.

306 3575 547 3653 „toooeros“:
572 3575 669 3637 44527
694 3575 823 3636 incocto
843 3573 952 3652 futuri
974 3575 1217 3637 immortalitas!

185 3696 188 3701 ·
302 3677 400 3742 Cuius
423 3698 502 3740 usus
525 3676 693 3759 Dracgero
716 3676 820 3758 ignoti
844 3676 1000 3741 Kuehner
1021 3678 1042 3742 l.
1059 3677 1080 3742 l.
1097 3677 1115 3758 ἓ
1132 3678 1203 3742 855
1220 3682 1332 3744 aucto·

199 3803 269 3847 rem
292 3780 372 3846 dicit
394 3779 579 3845 Horatium.
617 3780 734 3861 Itaque
756 3779 920 3862 pedestris
936 3780 1094 3846 orationis
1118 3780 1259 3864 scriptor
1278 3781 1332 3863 qui

199 3885 323 3969 primus
347 3906 420 3949 cum
443 3883 606 3949 adiectivo
629 3885 774 3947 incoctus
797 3883 987 3966 genetivum
1014 3883 1184 3950 coniunxit
1202 3884 1333 3949 videtur

199 3989 302 4055 fuisse
326 3988 458 4054 Seneca.

307 4110 485 4192 „oopox“.
533 4109 619 4172 1523
657 4109 815 4193 inperitum
853 4109 990 4172 ommam
1026 4107 1179 4173 honorum
1215 4111 1333 4172 ortium

202 4215 452 4298 capacissimum.

305 4316 395 4395 Quod
420 4314 619 4381 adiectivum
642 4316 818 4382 secundum
839 4316 1042 4399 Dracgcrum
1064 4317 1130 4382 iam
1153 4316 1238 4399 apud
1254 4317 1331 4382 Vel-
