3076 4936
664 285 875 347 „19-

164 552 165 555 η
202 479 409 562 quinquennio
433 495 496 537 non
517 476 645 556 peperit.
698 473 821 550 Quibus
850 472 949 552 locis,
975 495 1047 538 cum
1070 473 1104 537 in
1127 475 1337 544 substantivo

202 581 304 646 etiam
327 578 417 643 notio
437 576 614 641 numeralis
630 576 720 654 insit,
744 575 823 640 iusti
840 575 979 641 ablativi
995 577 1154 660 temporis
1170 580 1337 644 statuendi

202 687 289 749 sunt.
348 683 563 766 Quinquennio
595 680 681 744 enim
714 679 800 743 idem
835 680 925 744 valet
959 701 998 744 ac
1032 679 1060 744 si
1095 679 1218 746 dictum
1247 686 1337 748 esset
1431 685 1433 690 ’

201 789 461 872 quinquennale.
510 783 563 866 [cf.
588 783 760 848 Kuehnast
783 783 803 847 l.
829 804 855 848 c.
879 783 894 846 I
917 804 949 866 p.
975 782 1058 866 181.)

306 916 424 998 Neque
458 914 565 996 magis
600 935 619 978 a
649 913 747 978 solito
779 913 906 979 dicendi
933 935 994 977 usu
1023 915 1180 981 recedunt
1210 916 1232 980 ii
1266 917 1339 998 loci,

203 1021 320 1103 quibus
340 1018 514 1100 genetivus
539 1016 693 1081 attributi
722 1017 794 1081 vice
808 1017 959 1098 fungitur
974 1019 1013 1081 21
1024 1039 1049 1080 m
1065 1017 1160 1081 braiao
1175 1023 1340 1083 suasoriae

203 1115 387 1187 occctetonest
411 1124 508 1185 arsa
533 1124 672 1203 sperarit
694 1122 877 1204 possefieri,
898 1127 942 1199 nt,
965 1124 994 1184 si
1008 1123 1162 1207 oiryinenr
1177 1131 1339 1204 servasset,

201 1229 320 1311 nuptiis
344 1227 489 1288 dominae
506 1225 789 1306 manumitteretur,
812 1227 895 1288 4089
918 1224 1013 1288 bairis
1029 1247 1112 1288 anno
1136 1227 1339 1290 nattamesse

201 1351 346 1395 oensem.

307 1462 436 1537 Restat,
462 1462 499 1523 ut
515 1457 622 1522 dicam
638 1457 677 1521 de
693 1457 818 1520 duobus
834 1456 925 1535 locis,
950 1457 1067 1539 quibus
1083 1457 1207 1523 Seneca
1223 1463 1339 1525 contra

203 1565 336 1630 solitum
369 1562 497 1627 dicendi
533 1583 628 1625 usum
662 1560 844 1624 ablativum
878 1561 1037 1644 temporis
1071 1561 1141 1626 sine
1176 1562 1338 1628 attributo

200 1669 351 1751 posuisse
374 1667 535 1731 videatur.
569 1665 713 1742 Quorum
736 1664 826 1747 prior
848 1668 916 1730 est:
941 1667 1024 1728 2121
1048 1686 1110 1729 non
1131 1673 1241 1749 potest,
1265 1670 1337 1752 qnia

201 1771 372 1855 tyrannide
394 1791 457 1833 non
481 1776 664 1851 conceperat
688 1766 792 1848 (codd.
818 1777 954 1851 ceperat,
979 1769 1064 1850 quod
1087 1769 1232 1835 correxit
1254 1771 1338 1834 Bur·

202 1873 346 1957 sianus);
369 1873 534 1958 posterior
557 1875 655 1936 arsa
679 1893 741 1935 non
764 1873 902 1949 oitiooit,
938 1874 1054 1956 inquit.
1084 1875 1254 1957 tyrannide
1278 1873 1338 1955 (sic

202 1978 288 2043 enim
311 1976 392 2058 ΑΒ).
440 1978 503 2042 Sed
527 1977 676 2042 adhunc
699 1977 805 2041 locum
837 1976 1018 2040 sanandum
1048 1978 1215 2042 commode
1244 1978 1338 2042 nobis

202 2082 346 2159 obvenit,
371 2081 456 2164 quod
473 2081 507 2144 in
523 2080 633 2145 codiee
649 2078 726 2160 V2),
751 2101 847 2162 quem
870 2079 1019 2161 sequitur
1034 2079 1069 2159 T,
1094 2080 1336 2163 scriptumest:

202 2186 256 2247 sad
273 2185 478 2268 .tyrannide,·
508 2184 593 2266 quod
623 2183 693 2247 sine
723 2184 790 2247 ulla
821 2183 1026 2248 dubitatione
1049 2183 1252 2266 probandum
1275 2188 1337 2253 est.

202 2289 316 2354 Priore
348 2292 458 2353 autern
491 2290 562 2353 loeo
586 2286 738 2351 Bursiani
761 2286 949 2351 coniectura
972 2290 1006 2350 in
1029 2288 1198 2369 tyrannide
1220 2291 1254 2353 et
1276 2309 1337 2352 usu

126 2466 128 2470 .
203 2391 330 2456 dicendi
365 2391 536 2475 scriptoris
559 2394 593 2456 et
617 2390 838 2472 compluribus
869 2390 950 2455 loeis
980 2389 1141 2476 similibus
1174 2412 1337 2472 commen-

203 2496 310 2560 datur.
356 2496 404 2560 De
427 2495 544 2578 quibus
567 2497 684 2578 postea
707 2493 823 2571 dicam,
848 2514 921 2557 oum
944 2514 982 2558 eo
1004 2515 1143 2573 venero,
1168 2456 1287 2590 pudic
1312 2515 1336 2556 c.

202 2599 261 2662 abt.
285 2607 376 2682 ternp.
399 2600 485 2664 idem
515 2599 626 2663 valere
657 2618 753 2680 posse
783 2618 822 2662 ao
852 2599 939 2660 intra
971 2618 995 2660 o.
1020 2619 1084 2660 acc.
1109 2597 1336 2662 demonstran-

201 2701 277 2765 dum
300 2705 361 2767 est.

306 2831 395 2908 Quae
420 2851 492 2894 cum
515 2830 563 2895 ita
586 2831 663 2909 sint,
687 2830 735 2895 eis
758 2829 942 2895 nominibus
965 2829 1124 2912 exeeptis,
1149 2851 1232 2912 quae
1251 2830 1336 2895 diem

202 2935 399 3018 significant,
424 2933 494 2997 sine
517 2933 679 2998 attributo
702 2933 869 2998 adhibitus
885 2933 971 3016 apud
987 2934 1144 2999 Senecam
1159 2935 1222 2998 abl.
1235 2937 1335 3018 temp.

200 3039 368 3105 invenitur
391 3061 490 3104 unus:
515 3039 624 3120 betto;
648 3061 745 3122 quam
767 3039 907 3104 formam
922 3040 1145 3105 Kuehnastius
1157 3040 1177 3104 l.
1192 3061 1217 3104 o.
1231 3062 1262 3123 p.
1275 3042 1334 3104 181

200 3145 380 3210 locativum
410 3165 482 3209 esse
515 3143 603 3209 dicit.
650 3144 720 3220 Qua
749 3163 829 3208 voce
853 3143 976 3208 Seneca
999 3144 1111 3209 eodem
1139 3144 1234 3209 modo
1258 3165 1336 3208 usus

200 3269 272 3312 esse
301 3247 433 3312 videtur
451 3237 503 3312 'ac
525 3246 654 3325 Livius,
686 3268 759 3311 oum
789 3246 989 3330 praepositio
1018 3249 1052 3310 ia
1083 3250 1141 3312 aut
1172 3247 1249 3331 poni
1277 3250 1335 3312 aut

200 3351 314 3415 deesse
338 3351 453 3435 possit,
479 3350 550 3416 sive
574 3351 649 3415 betto
665 3372 738 3416 oum
761 3351 923 3416 attributo
947 3351 1154 3416 coniunctum
1178 3354 1239 3430 est,
1264 3351 1335 3415 sive

199 3457 348 3518 nonest.
382 3454 460 3519 Loci
483 3457 603 3533 autem,
628 3455 745 3538 quibus
772 3454 847 3519 bello
871 3455 934 3519 abl.
958 3458 1057 3538 temp.
1082 3458 1151 3534 est,
1182 3454 1333 3519 bisunt:

203 3629 408 3636 ---*..-...—.-—-

304 3724 311 3756 ¹
333 3721 501 3789 Quamquam
520 3722 606 3789 enim,
625 3723 760 3789 quomodo
779 3727 851 3775 totus
869 3725 955 3789 loeus,
974 3723 1003 3775 in
1021 3723 1160 3776 codicibus
1179 3729 1334 3792 corruptus,

199 3807 383 3860 emendandus
409 3810 459 3875 sit,
486 3808 606 3862 Senecae
634 3811 754 3862 editores
782 3811 854 3862 inter
880 3827 909 3863 se
929 3812 1101 3877 dissentiant,
1127 3816 1219 3863 tamen
1238 3811 1271 3864 de
1290 3813 1333 3864 his

199 3894 267 3961 ipsis
281 3896 372 3947 verbis
385 3898 554 3949 recentiores
568 3898 749 3950 consentiunt.
777 3899 1004 3951 Emendationum
1018 3903 1117 3965 autem,
1131 3915 1201 3966 quoe
1214 3899 1333 3952 adhunc

199 3980 288 4031 locum
307 3983 432 4047 prolatae
451 3987 521 4049 sunt,
540 3984 607 4035 mihi
625 3984 733 4051 quidem
743 3984 867 4037 Muelleri
881 3985 1118 4052 praestantissima
1137 4001 1197 4036 esse
1216 3987 1332 4038 videtur.

198 4066 234 4117 et.
253 4066 384 4133 Mueller,
407 4069 546 4135 symbolae
572 4087 598 4137 p.
620 4073 659 4121 19.
697 4069 830 4123 conferas
850 4061 948 4137 etiam,
974 4087 1045 4138 quae
1063 4070 1098 4122 de
1115 4073 1167 4123 hoo
1184 4073 1245 4123 loco
1264 4071 1334 4122 dixit

199 4151 393 4220 Kiesslingius‚
412 4155 499 4221 praef.
519 4172 545 4222 p.
564 4155 620 4206 XII
640 4156 682 4207 ed.
702 4172 777 4208 suae.

305 4241 315 4272 ²
334 4238 441 4291 Codicis
467 4241 492 4292 V
511 4242 673 4308 collatione,
692 4261 709 4296 a
728 4243 754 4295 J.
774 4243 923 4296 Schmidtio
942 4244 1065 4296 Gissensi
1084 4244 1167 4310 facta,
1185 4260 1236 4310 per
1254 4243 1333 4294 huius

197 4323 393 4375 liberalitatem
412 4326 452 4376 uti
472 4327 539 4378 mihi
556 4327 641 4380 licuit.
1340 4344 1341 4347 ’

1200 4419 1380 4520 2³⁶*
1454 4468 1458 4475 ,
