3076 4936
661 274 874 339 233„

304 466 635 532 Subsiuutiuum
661 464 834 530 cereale
857 468 899 528 iu
919 472 1022 528 -tum
1048 462 1336 549 (Draeger3576)

201 573 272 638 sine
297 570 508 637 substantivo
532 591 596 634 uno
619 570 689 635 loco
724 569 868 652 positum
891 572 943 634 est
965 590 1025 652 pro
1049 570 1237 636 enuntiato:
1262 573 1338 637 4424

199 679 257 742 icoc
281 677 371 740 semei
395 684 451 739 uui
473 678 588 738 iterum
606 696 626 737 a
643 674 825 756 Thucydide
842 672 981 757 facium,
1004 675 1074 738 item
1090 676 1124 737 iu
1135 676 1339 758 paucissimis

198 783 345 866 perscuis
367 787 558 862 usurpatum
582 799 603 841 a
627 778 789 857 Sallusii0,
813 776 849 841 T.
872 776 985 841 Liuius
1007 777 1175 861 beuiauus¹
1200 779 1339 843 omuibus

202 887 328 970 maquis
351 885 430 947 uiris
451 883 621 964 praestitit.

303 985 593 1068 Paeticipium
621 984 731 1067 perf.
751 1004 866 1066 pass.
891 982 1051 1066 (Draeger
1073 983 1091 1065 ἕ
1116 984 1200 1066 577),
1225 1007 1338 1068 quarn-
1440 1055 1447 1065 ,

202 1115 299 1176 quam
323 1090 516 1174 saepissime
538 1110 597 1171 pro
622 1088 792 1153 enuntiato
816 1087 1030 1153 condicionali
1052 1091 1112 1167 est,
1136 1111 1212 1154 raro
1228 1093 1339 1155 tamen

203 1197 288 1280 apud
311 1196 394 1260 alios
419 1192 598 1276 scriptores
621 1191 765 1275 positum
789 1195 841 1256 est
858 1213 918 1275 pro
934 1194 962 1256 si
977 1194 1011 1257 et
1024 1192 1137 1271 futuro
1154 1191 1197 1256 ΙΙ
1207 1195 1337 1276 paesici.

202 1301 266 1367 Sed
283 1299 369 1383 apud
385 1298 543 1363 Senecam
559 1295 727 1378 complura
743 1298 819 1360 sunt
834 1295 930 1359 huius
954 1316 1033 1360 usus
1056 1297 1221 1379 exempla:
1240 1299 1338 1363 17712

201 1425 238 1468 eu
260 1425 293 1468 eo
317 1405 383 1467 icco
407 1423 438 1464 se
467 1400 710 1482 praecipitasse,
742 1419 780 1461 ea
811 1419 869 1482 quc
901 1401 1115 1483 praecipitatu
1141 1402 1248 1481 perire
1275 1421 1338 1463 uou

198 1515 301 1593 posset
333 1506 393 1587 (=
426 1507 454 1567 si
480 1504 694 1587 praecipitata
728 1502 834 1585 esset).
881 1505 979 1580 32716
1007 1504 1110 1583 facies
1145 1505 1225 1588 quod
1258 1505 1338 1568 uoles

201 1612 360 1675 absolutus
383 1608 445 1691 [z
469 1609 497 1671 si
528 1606 689 1670 absolutus
722 1605 815 1686 eris).
861 1609 957 1671 39811
990 1629 1069 1690 quae
1097 1605 1159 1689 (sc.
1189 1608 1335 1670 lucenaria
1402 1629 1405 1635 ·

201 1714 287 1795 urea)
310 1713 459 1797 qrcamodo
482 1712 589 1774 seuiiis
610 1730 667 1792 per
683 1729 714 1771 se
729 1716 858 1786 euaucei,
880 1711 926 1772 iia
944 1710 1107 1773 admouita
1123 1718 1151 1774 et
1167 1712 1338 1796 aliquaudo

200 1820 362 1895 lacessita,
377 1816 482 1899 facile
506 1836 538 1877 se
561 1813 684 1896 eoiiipei
707 1818 721 1893 (
733 1842 767 1864 τ
793 1815 821 1877 si
842 1814 1004 1877 admonitu
1028 1823 1055 1878 et
1078 1816 1225 1878 lacessita
1247 1816 1337 1896 erit).

201 1924 287 1986 225⁶
334 1921 416 1984 iilud
464 1920 582 1982 iudices
628 1917 705 1980 milei
753 1924 940 1981 toruieuium
987 1924 1031 1980 esi
1043 1966 1052 1998 ,
1099 1920 1182 2002 quad
1228 1926 1337 1982 uoiata

200 2025 319 2087 iiidieio
341 2030 459 2105 uesica,
491 2029 526 2090 ui
549 2023 790 2106 multiplicatam
814 2022 913 2086 dotem
935 2023 1059 2104 perdat,
1079 2024 1153 2106 plus
1176 2030 1279 2086 iameu
1301 2043 1338 2085 eu

202 2135 332 2212 quaestu
354 2126 504 2190 habitura
528 2133 580 2203 est,
603 2108 697 2209 quam
720 2132 870 2210 quamtum
894 2127 1064 2189 dcuuuaiae
1084 2127 1279 2209 perdendum
1294 2132 1339 2189 est

201 2232 260 2313 (ιτ
287 2233 315 2294 si
337 2237 446 2294 uocata
470 2232 540 2308 erit,
565 2231 593 2291 si
616 2228 769 2292 damuaia
792 2230 883 2310 erit).

442 2385 484 2466 B)
518 2385 575 2448 De
602 2385 853 2468 participio
885 2384 1095 2450 absoluto.

301 2525 413 2592 Etiam
437 2525 470 2588 in
493 2525 553 2589 hoc
577 2524 694 2608 capite,
719 2545 915 2606 quamquam
938 2523 1076 2589 ablativi
1099 2524 1241 2589 absoluti
1257 2546 1336 2589 usus

201 2630 287 2713 apud
318 2630 475 2694 Senecam
504 2630 696 2711 plerumque
728 2626 990 2711 simplicissimus
1022 2627 1082 2706 sit,
1114 2631 1226 2693 tamen
1254 2651 1335 2693 non-

202 2734 293 2797 nulla
315 2732 395 2796 mihi
418 2736 496 2797 sunt
519 2731 822 2810 commemoranda,
855 2752 938 2813 quae
961 2752 981 2796 a
1004 2730 1101 2796 solito
1125 2731 1252 2797 dicendi
1274 2753 1336 2797 usu

200 2837 365 2902 recedant.

302 2940 358 3003 De
379 2941 612 3023 participio
631 2960 763 3025 peaes.
787 2940 862 3005 abs.
887 2940 1049 3021 (Draeger
1071 2939 1089 3021 ἓ
1113 2943 1200 3020 579).
1235 2940 1333 3005 Ratio

199 3047 383 3127 temporum
420 3043 535 3108 habita
571 3064 635 3108 non
673 3064 745 3108 esse
779 3042 933 3108 videtur:
968 3045 1008 3107 31
1019 3065 1047 3105 a
1087 3064 1134 3106 me
1173 3046 1333 3138 miserum,

198 3155 360 3228 pupuauie
388 3146 487 3209 Xerse
519 3154 649 3229 tropaea
681 3149 797 3230 posui,
824 3146 972 3230 suyieuie
1005 3146 1137 3211 iniiam?
1181 3147 1334 3230 Fupieuie

199 3249 286 3313 enim
322 3271 381 3332 pro
414 3258 582 3336 postquam
617 3250 707 3333 sapit
741 3250 864 3315 dictum
902 3271 975 3314 esse
1008 3251 1151 3316 fortasse
1184 3250 1248 3316 erit
1281 3251 1333 3316 oui

200 3353 361 3418 videatur.
408 3353 470 3417 Sed
494 3376 567 3419 cum
590 3352 783 3420 deliberatio
806 3354 1074 3433 Atheniensium,
1109 3375 1192 3436 quae
1214 3355 1248 3419 in
1271 3355 1332 3421 hac

199 3457 348 3521 suasoria
378 3457 457 3520 ficta
488 3461 555 3536 est,
591 3458 661 3523 sine
693 3458 790 3524 dubio
824 3458 933 3541 paullo
963 3462 1039 3541 post
1068 3458 1181 3540 fugam
1210 3459 1331 3524 Xerxis

198 3560 289 3625 facta
312 3581 385 3624 esse
408 3561 568 3643 fingatur,
594 3563 744 3645 fupieute
766 3583 830 3626 non
853 3561 1136 3644 interpretandum
1158 3566 1226 3628 est:
1244 3570 1331 3646 post-

199 3685 293 3747 quam
313 3664 412 3746 fupit,
438 3664 512 3729 sed:
537 3685 605 3728 cum
624 3666 716 3750 fucit
738 3666 809 3730 sive
831 3668 864 3729 iu
886 3667 969 3749 fuya
992 3673 1045 3730 esi.
1076 3665 1167 3742 Quod
1190 3666 1330 3730 sirecte

200 3766 278 3845 dixi,
299 3768 413 3850 flauere
437 3768 550 3832 eodem
575 3772 722 3852 ternpore
744 3771 783 3835 fit
805 3791 844 3835 ac
866 3771 971 3834 tollere
999 3773 1098 3852 atque
1120 3768 1329 3852 participium

199 3870 385 3951 praesentis
419 3891 477 3934 suo
511 3870 582 3935 iure
615 3872 759 3955 positum
793 3875 854 3938 est.
899 3871 956 3936 aui
990 3873 1061 3937 loco
1095 3871 1218 3937 similes
1252 3875 1329 3937 sunt

199 3992 326 4051 omnes,
362 3973 479 4055 quibus
508 3977 594 4057 part.
625 3996 732 4058 praes.
762 3976 864 4041 absol.
894 3979 1077 4060 temporum
1107 3975 1235 4040 ratione
1264 3997 1328 4040 non

198 4075 312 4141 habita
334 4076 466 4141 videtur
489 4099 561 4142 esse
584 4082 787 4161 usurpatum.

302 4236 309 4267 ¹
330 4232 373 4285 Sic
392 4234 464 4285 enim
483 4233 656 4286 scribendum
674 4251 736 4287 esee
755 4251 853 4288 censeo
872 4252 932 4288 oum
951 4236 1072 4289 Sandero
1090 4236 1108 4288 1.
1120 4251 1144 4288 o.
1158 4235 1187 4285 II
1205 4252 1231 4301 p.
1248 4237 1279 4286 21
1300 4239 1328 4287 et

197 4316 231 4367 H.
251 4318 277 4369 J.
296 4318 437 4383 Muellero,
455 4318 472 4368 l.
492 4335 514 4370 c.
533 4336 559 4386 p.
579 4323 620 4371 25.

1095 4485 1099 4493 Ι
1208 4412 1223 4459 3
