3076 4936
662 322 874 384 ..24-

304 535 330 578 e.
354 535 385 595 g.
411 515 471 576 132
494 514 632 575 raiairais
653 512 822 574 succidant
846 531 978 594 corpora
1004 563 1010 576 .
1035 563 1042 575 .
1066 511 1171 575 cadara
1195 514 1335 575 incautas

202 638 298 681 caasa
329 617 429 696 cadit,
462 618 539 680 1322
569 636 688 698 maqaa
710 616 855 699 jastipia
885 613 1033 679 obtioioae
1055 616 1251 698 fraqititatis
1278 615 1333 677 ba·

200 741 311 785 manac
341 721 481 803 collapsa
511 726 602 800 saat,
635 721 714 783 2122
738 739 825 802 passo
857 725 937 782 carte
963 720 1096 782 iooictos
1117 720 1230 781 rcocrti
1250 718 1334 781 brac-

191 825 269 908 floio
301 826 378 906 toci,
408 827 471 889 31⁷
494 823 551 888 boc
581 824 633 887 itlc
655 844 783 887 ramera
799 822 916 906 saroa,
948 824 1024 887 4521
1052 823 1127 886 ciois
1149 843 1211 884 aar
1235 822 1333 885 satam

200 928 418 1012 mapaitadiac
446 929 617 1006 viriatum,
648 926 702 991 scd
729 927 927 991 multitudiue
949 947 1066 1011 qaoque
1090 926 1334 1008 conspiciendas,

201 1033 241 1096 47
252 1053 276 1094 ai
299 1030 429 1114 publica
452 1052 511 1095 oon
534 1033 635 1095 saccis
657 1039 817 1095 actaraarn
840 1030 989 1094 obcuritait
1021 1031 1136 1110 armis,
1171 1032 1232 1096 762
1256 1031 1336 1093 ocati

201 1135 305 1199 sabita
321 1137 454 1219 calipiac
470 1135 704 1219 obtorpuerant,
721 1137 798 1199 8412
815 1136 974 1218 ptoriatar
989 1134 1165 1198 homicidia.
1192 1133 1335 1197 Gloriari

202 1242 312 1305 autem
346 1238 432 1322 apud
467 1239 625 1304 Senecam
662 1259 792 1322 semper
826 1259 900 1302 cum
933 1230 1079 1302 ablativo
1117 1235 1333 1318 coniungitur,

201 1364 307 1425 neque
329 1363 467 1424 usquam
491 1364 564 1407 eum
586 1342 829 1426 praepositione
851 1343 895 1406 ia.
928 1343 1024 1405 15122
1044 1360 1203 1425 ariaqaara
1225 1341 1335 1422 iuopia

201 1444 286 1509 ocrbi
307 1444 453 1527 substitit,
482 1447 562 1510 1602
586 1447 683 1509 cattis
704 1446 844 1528 paudere
867 1447 947 1508 ocris
970 1447 1082 1524 sciant,
1107 1445 1190 1509 3444
1212 1450 1335 1527 patrari

204 1551 335 1633 tpraaai
358 1548 540 1613 criminibus
564 1570 684 1631 accusa,
711 1550 811 1614 40424
834 1569 891 1633 qao
915 1550 1043 1611 crimine
1065 1549 1233 1612 damnatas
1256 1555 1333 1628 crat,

202 1654 302 1718 42222
325 1657 434 1717 aerato
457 1653 655 1738 laceratoque
678 1674 730 1716 ora
754 1654 807 1717 oia
830 1653 1056 1736 aqaosccadas.
1095 1652 1158 1717 Sed
1180 1652 1242 1717 hoc
1264 1652 1335 1716 loeo

203 1756 304 1822 etiam
328 1757 391 1822 abl.
415 1757 484 1821 abs,
509 1756 657 1838 intellegi
679 1759 800 1840 potest.
833 1758 910 1821 4712
936 1757 1066 1819 nimiam
1088 1755 1204 1838 farere
1228 1762 1335 1818 nostro

202 1858 346 1923 casaltat.
391 1859 503 1924 Etiam
541 1881 615 1925 eum
651 1860 776 1938 locum,
815 1859 869 1941 qui
903 1862 955 1924 est
988 1859 1047 1923 432
1079 1861 1132 1922 oia
1151 1851 1336 1922 'attoltcatcs

203 1964 344 2026 lacrimis
387 1963 516 2040 acatos,
563 1962 701 2026 bominac
744 1965 861 2026 iatacri
898 1962 1052 2025 trucidati
1087 1960 1222 2025 marabra
1260 1963 1336 2025 ciuis

198 2071 357 2148 poterant,
373 2065 443 2131 ,huo
465 2066 644 2131 retulerim.
676 2067 766 2143 Quae
788 2067 890 2131 verba
913 2088 987 2131 eum
1001 2065 1183 2131 Bursianus
1205 2063 1335 2146 integra

171 2182 177 2194 ‘
203 2172 380 2248 servasset,
404 2169 624 2253 Kiesslingius
641 2175 674 2237 et
690 2172 877 2250 Muellerus,
901 2170 1100 2237 Gronovium
1119 2168 1233 2248 secuti,
1257 2173 1335 2233 ante

203 2273 345 2337 lacrimis
368 2295 452 2357 prae
480 2275 699 2341 inseruerunt.
746 2275 836 2352 Quod
859 2297 902 2340 an
932 2275 1154 2341 necessarium
1185 2295 1249 2338 non
1280 2271 1334 2351 sit,

202 2374 352 2456 equidem
374 2379 586 2444 vehementer
608 2379 731 2445 dubito.
776 2378 863 2444 Nam
893 2401 937 2444 ex
968 2377 1049 2444 locis
1072 2399 1171 2461 supra
1194 2397 1334 2443 comme-

202 2479 340 2544 moratis
361 2482 569 2566 perspicuum
592 2504 665 2548 esse
687 2486 768 2567 puto
791 2482 891 2548 animi
914 2484 1069 2547 affectum
1083 2481 1169 2546 nudo
1188 2478 1335 2545 ablativo
1413 2466 1417 2487 ⁸

202 2582 343 2666 exprimi
358 2605 465 2668 posse,
488 2586 733 2670 praepositione
749 2608 814 2652 non
829 2585 953 2651 addita.
998 2584 1056 2649 uui
1071 2605 1190 2649 causae
1209 2581 1336 2648 accedit

202 2685 309 2751 altera
324 2707 427 2769 eaque
442 2689 650 2771 gravissima.
678 2691 716 2754 In
731 2694 803 2756 toto
819 2690 905 2755 enim
919 2689 1061 2754 Senecae
1076 2687 1159 2752 libro
1175 2708 1336 2768 nusquam

202 2789 404 2873 praepositio
425 2813 508 2875 prae
534 2793 710 2859 invenitur.
756 2794 845 2870 Quae
877 2793 1021 2858 sumita
1050 2792 1133 2870 sint,
1162 2813 1222 2874 pro
1245 2793 1335 2856 certo

201 2890 371 2958 habuerim
391 2895 502 2961 'etiam
531 2897 592 2962 hoc
623 2898 694 2962 loeo
718 2901 833 2962 contra
856 2897 998 2962 omnium
1022 2894 1169 2962 codicum
1192 2894 1335 2960 auotori-

202 2997 306 3062 tatem
330 3019 402 3064 eam
425 3000 632 3067 inserendam
654 3023 718 3066 non
742 3023 824 3066 esse.

304 3099 360 3165 Dc
382 3101 568 3168 ablativo
591 3106 860 3170 instrumenti.
907 3105 1067 3188 (Draeger
1090 3105 1107 3186 ξ
1131 3102 1216 3186 229).

304 3203 454 3270 Ablativi
478 3205 705 3286 instrumenti,
741 3208 860 3292 quippe
883 3209 938 3291 qui
961 3209 1110 3274 omnibus
1133 3206 1335 3292 temporibus

202 3304 315 3372 eodem
327 3309 422 3374 modo
434 3314 613 3394 usurpatus
626 3311 679 3390 sit,
690 3312 795 3377 multa
808 3313 959 3396 exempla
972 3312 1125 3394 colligere
1138 3333 1334 3396 supervaca-

202 3428 299 3474 neum
315 3415 376 3477 est.
408 3413 470 3478 Sed
494 3414 673 3480 adnotandi
695 3415 774 3480 mihi
797 3415 860 3481 visi
884 3420 961 3481 sunt
983 3416 1013 3481 ei
1035 3416 1112 3494 loci,
1137 3415 1253 3498 quibus
1275 3413 1358 3499 pro'

202 3517 559 3600 praepositioneaeum
570 3518 717 3584 ablativo
728 3520 902 3585 coniuncta
912 3519 1079 3584 ablativus
1090 3520 1196 3585 nudus
1207 3519 1335 3602 positus

204 3622 265 3697 est,
289 3623 327 3684 ut
349 3620 506 3700 homines,
520 3643 656 3703 quorum
679 3645 779 3706 opera
802 3624 924 3706 aliquid
947 3624 994 3702 fit,
1018 3627 1176 3705 tanquam
1199 3643 1252 3687 res
1275 3623 1333 3686 ha-

202 3722 357 3788 beantur:
390 3724 611 3808 4317irpcati
642 3729 854 3806 circumfusas
887 3726 995 3808 turba,
1027 3729 1166 3790 229221
1190 3776 1197 3790 .
1223 3777 1229 3790 .
1253 3746 1336 3789 aaor

203 3827 304 3890 aticao
328 3833 400 3892 testa
423 3828 631 3912 defamatur,
664 3832 761 3896 34822
779 3832 921 3914 fortasse
943 3832 1079 3894 amicam
1100 3829 1244 3908 babebat3
1278 3829 1336 3894 bac

203 3932 373 3996 delectatas
395 3941 448 3997 cst.

306 4035 456 4101 Naturae
479 4040 590 4116 autem
613 4038 763 4104 diversae
787 4042 854 4104 est:
886 4042 944 4105 371
972 4042 1000 4103 si
1023 4039 1065 4102 ad
1086 4045 1216 4103 actatcm
1239 4058 1335 4101 aare·

203 4159 333 4225 ramqac
355 4161 517 4226 aaaqaara
540 4140 735 4205 observatam
757 4143 835 4207 airis
857 4142 1002 4226 fortibas
1024 4163 1188 4207 aaracrara
1209 4142 1334 4224 respici·

203 4264 282 4310 mas.
307 4284 347 4292 —-
373 4245 441 4321 Quo
473 4246 544 4311 loco
576 4248 653 4310 airis
681 4246 821 4326 fortibas
853 4247 984 4313 dativus
1007 4270 1066 4331 pro
1097 4269 1165 4311 ac.
1190 4241 1250 4309 abt.
1274 4247 1335 4323 est,

204 4348 243 4413 de
267 4370 330 4432 quo
353 4371 413 4414 usu
438 4348 523 4416 dixit
546 4349 711 4416 Sanderus
734 4352 755 4417 l.
780 4373 806 4417 2.
830 4351 861 4416 ΙΙ
884 4373 915 4435 p.
937 4355 968 4419 8.
