3076 4936
645 249 858 310 „11-

182 440 348 506 nominum
381 438 512 520 generis
546 437 695 510 neutrius
729 458 859 521 semper
892 437 1118 516 accusativus,
1156 459 1317 520 nusquam

181 542 366 626 genetivus,
390 563 463 606 eum
486 541 588 607 verbo
611 541 738 604 memini
761 539 955 606 coniunctus
979 543 1040 606 est.
1089 567 1091 570 ·

286 647 371 728 ag.
401 647 485 710 362³
515 645 643 727 dipnior
669 664 773 727 poeno
803 650 881 724 erni,
913 645 941 707 si
971 644 1007 707 id
1035 652 1203 727 peccasset,
1236 646 1318 729 qnod

182 752 356 814 meminisse
376 757 488 832 posset.

290 852 409 920 Verbo
432 853 645 933 affectuum
680 851 842 935 (Draeger
865 852 883 933 ἓ
907 851 982 934 211)
1006 851 1103 918 solito
1126 874 1216 918 more
1245 875 1318 918 cum

182 957 336 1040 genetivo
360 957 609 1039 coniunguntur.
655 956 871 1022 Inveniuntur
894 960 1005 1022 autem
1035 957 1120 1040 apud
1144 957 1316 1023 Senecam:

290 1061 449 1145 „pedei“,

291 1165 462 1243 „toedei“,

291 1260 505 1352 „poenitet¹‘‚

291 1373 512 1450 „misereri“.

288 1477 358 1553 Qua
380 1476 420 1541 de
443 1496 543 1540 causa
566 1477 629 1540 834
656 1476 805 1539 misereor
837 1477 884 1539 ini
912 1478 1003 1540 recte
1032 1474 1240 1541 emendatum
1269 1479 1320 1542 est

185 1601 227 1644 ex
251 1579 315 1645 tibi.
1184 1587 1187 1594 '

287 1682 340 1747 Ad
363 1681 522 1765 Draegeri
546 1681 564 1763 ἕ
588 1684 650 1747 212
674 1703 716 1748 ex
740 1681 864 1746 Seneca
885 1680 967 1746 nihil
990 1684 1042 1747 est
1065 1681 1257 1748 addendum.

568 1871 618 1936 ΙΙ.
651 1875 716 1938 De
739 1874 936 1938 ablativo.

288 1993 341 2056 De
370 1992 480 2057 obici.
504 1995 586 2057 loci.
621 1991 690 2074 (Dr.
715 1993 733 2074 ἓ
757 1992 843 2075 214).
888 1991 1064 2058 Ablativos
1083 1992 1249 2058 nominum
1265 2016 1319 2058 ur-

185 2098 284 2176 bium,
309 2097 427 2179 quibus
450 2097 654 2180 significetur
676 2097 818 2180 aliquem
840 2096 1003 2180 proficisci
1031 2118 1073 2162 ex
1103 2096 1212 2179 aliquo
1238 2099 1319 2179 loco,

186 2200 271 2283 apud
295 2200 451 2265 Senecam
474 2222 538 2266 non
561 2200 702 2266 inveniri
731 2200 849 2265 mirum
878 2203 1028 2278 nonest,
1059 2222 1132 2265 cum
1162 2200 1320 2268 eiusmodi

185 2303 317 2368 nomina
345 2324 480 2386 perraro
509 2303 543 2367 in
576 2303 709 2387 scriptis
739 2303 809 2369 eius
841 2305 1025 2368 occurrant.
1070 2303 1193 2370 Tamen
1221 2327 1321 2371 unum

185 2408 292 2472 locum
315 2406 367 2472 hie
390 2429 527 2491 appono,
561 2407 594 2472 in
618 2429 681 2490 quo
704 2406 905 2491 praepositio
929 2406 1043 2472 addita
1072 2411 1135 2473 est.
1180 2409 1227 2476 At
1255 2432 1320 2476 non

187 2510 338 2591 Senecae,
363 2511 420 2576 sed
443 2511 528 2576 Livii
551 2515 619 2577 est:

289 2617 351 2680 428
374 2624 409 2697 nt
432 2616 470 2680 ab
494 2615 602 2681 Caieta
624 2635 734 2680 necem
758 2637 983 2681 conscensurus
1000 2619 1226 2701 proficiscitur.

288 2720 403 2802 Neque
426 2720 532 2803 magis
556 2742 618 2803 quo
642 2720 734 2803 origo
751 2720 955 2802 significetur
971 2721 1137 2786 ablativus
1153 2721 1319 2787 nominum

186 2823 316 2889 urbium
339 2845 412 2888 eum
428 2823 638 2889 substantivo
655 2824 847 2890 coniunctus
869 2825 955 2908 apud
972 2825 1128 2891 Senecam
1144 2825 1318 2891 invenitur.

186 2930 301 3012 Neque
324 2927 491 2993 ablativus
513 2927 679 2993 nominum
702 2932 865 2994 terrarum
888 2929 1040 3008 occurrit,
1064 2929 1103 2994 de
1126 2951 1188 3011 quo
1216 2930 1320 2996 Drae-

186 3055 284 3116 gerus
307 3032 387 3098 dicit
410 3031 428 3113 ἓ
451 3033 630 3097 215-216,

289 3135 401 3201 Etiam
424 3134 563 3200 ablativi
585 3133 766 3200 nominum:

290 3241 444 3321 domne,
478 3259 569 3320 cns,
602 3239 742 3302 bnmns
784 3238 943 3321 (Draeger
973 3239 991 3320 ἓ
1021 3238 1097 3321 217)
1131 3238 1198 3303 rari
1232 3243 1319 3305 sunt.

187 3344 280 3409 Unus
303 3348 414 3410 tamen
436 3343 527 3408 locus
549 3342 603 3407 hic
625 3342 832 3408 adnotandus
856 3346 921 3408 est:

290 3449 375 3512 4914
408 3454 443 3510 ni
472 3446 565 3510 bnmo
599 3466 631 3510 se
666 3446 812 3511 adiecere
839 3466 902 3509 non
926 3448 1034 3530 possit.
1087 3446 1187 3511 Errat
1217 3446 1320 3529 igitur

187 3552 374 3635 Draegerus
398 3549 580 3615 ablativum
603 3549 695 3613 bnmo
722 3570 741 3614 a
764 3548 910 3632 Vergilio
940 3553 1134 3633 usurpatum
1165 3570 1229 3615 non
1256 3550 1319 3615 nisi

189 3654 275 3738 apud
298 3658 415 3738 poetas
437 3652 578 3718 inveniri
601 3652 729 3718 docens,

292 3758 415 3824 Poetae
449 3760 560 3822 autem
597 3759 631 3823 et
663 3756 882 3840 posteriorum
918 3758 1103 3839 temporum
1140 3756 1320 3840 scriptores

189 3862 327 3928 aliorum
350 3882 477 3944 quoque
499 3859 665 3926 nominum
687 3864 787 3942 atque
809 3858 938 3954 urbium
961 3859 1125 3925 ablativos
1148 3864 1319 3944 usurpant,

191 3966 307 4049 quibus
317 3966 520 4048 significetur
530 3964 652 4047 aliquid
663 3985 705 4030 ex
715 3963 824 4046 aliquo
834 3964 904 4028 loco
915 3962 1189 4046 profectumesse.
1205 3962 1319 4046 (Drae-

188 4091 247 4153 ger
263 4069 280 4150 ἓ
297 4067 382 4152 218).
427 4068 525 4133 Cuius
540 4067 668 4150 generis
685 4068 836 4151 exempla
854 4066 940 4150 apud
956 4067 1111 4132 Senecam
1127 4066 1209 4132 haec
1224 4070 1319 4132 sunt:

292 4176 371 4238 2813
394 4173 547 4256 oripinem
570 4173 654 4235 coeio
677 4170 796 4252 trabat,
819 4171 859 4235 36
867 4189 894 4233 av
918 4170 1044 4235 onimns
1067 4170 1177 4235 divine
1200 4170 1324 4253 oriqine

189 4277 321 4344 huncine
344 4276 513 4342 adsidere
537 4283 688 4359 recurret,
711 4276 774 4340 463
783 4294 811 4337 ac
835 4274 917 4338 caelo
939 4274 1096 4357 replnnnt.
