3076 4936
624 301 836 364 ..41..

261 497 308 562 Ut
330 495 387 560 alii
410 493 588 577 scriptores
611 491 660 556 ita
682 490 807 556 Seneca
827 511 954 572 quoque
969 489 1053 556 hanc
1068 491 1208 555 formam
1224 513 1296 557 cum

161 601 209 667 eis
232 600 343 665 verbis
367 598 505 664 videtur·
523 594 751 673 coniunxisse,
775 615 860 676 quae
882 597 1007 660 motum
1030 593 1172 676 aliquem
1196 594 1297 678 signi-

160 707 271 770 ficant.
317 705 417 768 32623
439 702 532 765 iussit
554 702 601 764 ire
623 720 739 763 sessum
761 701 796 762 iu
818 700 984 783 equestria.

262 807 317 870 De
353 806 583 869 nominativo
621 823 699 866 cum
734 801 939 886 infinitivo
968 803 1131 885 (Draeger
1160 803 1178 885 d
1207 802 1297 886 459).

162 913 225 978 Hie
247 913 366 977 verba:
390 910 515 988 videor,
545 907 672 989 iubeor,
702 915 805 988 octor,
836 907 961 971 iudicor
991 929 1011 973 a
1043 907 1167 973 Seneca
1201 907 1298 973 solito

161 1038 252 1081 more
268 1015 422 1098 usurpari
437 1013 585 1078 breviter
600 1033 874 1078 commemorasse
891 1011 1043 1078 sufficiat.
1071 1013 1172 1078 Plura
1187 1015 1298 1077 autem

162 1121 300 1186 dicenda
342 1121 418 1183 suut
450 1117 491 1182 de
522 1117 646 1182 verbo:
691 1116 875 1195 credor,
920 1116 1005 1199 quod
1036 1115 1064 1181 si
1095 1116 1299 1199 Draegerum

161 1224 341 1301 audiemus,
361 1242 558 1304 quamquam
574 1220 660 1303 apud
676 1219 866 1285 Lucretium
882 1223 916 1284 et
932 1219 1084 1285 Ovidium
1099 1219 1296 1298 inveniatur,

162 1334 275 1394 tamen
305 1349 325 1392 a
353 1325 519 1410 pedestris
549 1324 708 1391 orationis
738 1323 954 1407 scriptoribus
983 1324 1172 1408 putabimus
1203 1344 1298 1388 usur-

161 1436 275 1518 patum
306 1453 372 1496 non
401 1450 474 1494 esse
505 1432 582 1494 aute
605 1428 850 1506 Quintilianum.
895 1427 942 1495 At
974 1427 1078 1494 etiam·
1105 1428 1139 1493 in
1169 1428 1231 1494 hac
1262 1449 1299 1493 re

163 1559 237 1603 eum
260 1555 391 1600 errasse
413 1533 447 1597 hi
469 1532 532 1599 loci
556 1533 701 1598 Senecae
724 1533 860 1598 docent:

264 1643 302 1706 31
312 1663 339 1703 ee
370 1661 431 1703 reon
465 1644 589 1701 turture
622 1636 765 1699 credetur
797 1636 914 1700 redisse
947 1644 991 1700 set
1023 1638 1133 1700 cc‘cc'sse
1174 1636 1299 1719 Xerses

164 1748 239 1811 9022
263 1747 366 1807 lacior
388 1764 438 1806 res
461 1741 641 1820 ridebatur,
673 1760 767 1825 querc
795 1746 830 1802 ut
846 1747 952 1823 posset
975 1740 1063 1802 credi
1083 1741 1150 1803 siue
1172 1741 1300 1804 deorum

161 1849 388 1913 immortalium
423 1847 582 1910 adiutorio
614 1852 702 1928 peste
709 1894 718 1925 ,
749 1845 847 1908 32424
879 1851 1040 1928 tamquam
1069 1864 1138 1907 cum
1168 1845 1301 1908 dicimus

164 1954 342 2017 adulterum
369 1952 491 2030 fcisse,
526 1957 561 2013 ut
594 1949 743 2013 credatur
774 1954 907 2031 propter
933 1948 996 2020 ,boc
1030 1949 1123 2012 etiam
1156 1951 1300 2031 venefico,

162 2060 248 2122 4392
272 2056 426 2141 quamdiu
448 2055 709 2134 ducentissimae,
739 2060 773 2116 ut
797 2053 975 2116 crederetur
997 2072 1131 2117 uooercc
1148 2055 1300 2136 precipuo

162 2160 290 2224 dedisse.

263 2264 375 2328 Etiam
397 2255 504 2344 magis
527 2262 714 2344 Draegerus
738 2261 878 2340 erravit,
903 2283 976 2326 cum
999 2263 1136 2327 verbum
1159 2283 1300 2328 norror

163 2367 324 2433 scriberet
357 2366 498 2451 primurn
532 2366 581 2431 ita
614 2369 809 2449 usurpatum
844 2387 918 2431 esse
947 2366 988 2431 ab
1017 2367 1157 2432 Horatio
1190 2372 1297 2451 poeta,

163 2493 302 2554 eumque
318 2475 450 2537 secutos
467 2493 540 2537 esse
556 2470 709 2536 Ovidium
729 2474 763 2536 et
778 2471 977 2550 Martialem,
1002 2470 1060 2536 sed
1076 2493 1118 2536 ex
1133 2471 1298 2555 pedestris

163 2574 322 2641 orationis
368 2574 583 2658 scriptoribus
629 2574 692 2639 duo
736 2577 867 2640 tantum
910 2574 1006 2640 huius
1051 2574 1179 2641 dicendi
1220 2597 1299 2643 usus

162 2679 316 2762 exempla
332 2678 395 2743 sibi
410 2683 489 2744 uota
502 2699 586 2756 esse,
600 2678 742 2743 alterurn
754 2678 936 2758 Livianum,
950 2680 1090 2744 alterurn
1103 2679 1298 2745 Plinianum.

162 2783 315 2865 Namque
338 2782 386 2847 eis
410 2781 578 2847 addendus
602 2785 655 2847 est
676 2781 797 2847 tertius
819 2784 920 2861 locus,
945 2782 999 2864 qui
1022 2786 1074 2848 est
1096 2783 1182 2867 apud
1198 2783 1299 2856 Sene-

163 2908 252 2952 cam:
281 2889 371 2951 12211
398 2886 454 2949 boc
473 2907 609 2969 prorsus
635 2885 820 2967 fabulosum
851 2889 966 2971 repleto
998 2888 1160 2952 sceleribus
1183 2891 1300 2953 uostris

163 2991 287 3054 soeculo
310 2990 435 3070 deerat,
466 2996 718 3053 occurreretur
741 2991 856 3073 ulmeis
879 2992 999 3054 solutus
1021 2990 1197 3074 epirotia,
1227 2993 1299 3056 olli-

164 3103 259 3178 patus
282 3116 302 3158 o
323 3100 426 3176 patre.

265 3202 329 3264 De
346 3200 723 3280 proeposetcoaam
746 3219 842 3264 asu.
875 3199 1035 3282 (Draeger
1051 3199 1069 3281 ἕ
1085 3202 1147 3265 252
1164 3222 1192 3265 e.
1209 3222 1239 3283 q.
1256 3197 1298 3283 s.)

164 3303 276 3369 Etiam
291 3302 343 3367 hio
361 3303 569 3385 acquiescam
584 3304 618 3368 in
634 3303 831 3369 adnotandis
847 3304 894 3369 eis
909 3304 1017 3383 rebus,
1041 3304 1158 3386 quibus
1174 3304 1299 3371 Seneca

163 3428 184 3472 a
207 3407 305 3473 solito
329 3407 457 3472 dicendi
480 3430 542 3472 usu
565 3408 750 3474 recesserit.

264 3510 400 3575 Initium
432 3510 534 3593 igitur
566 3511 693 3595 capiam
726 3533 746 3576 a
775 3511 1019 3595 praepositione
1043 3511 1099 3577 od.
1145 3512 1234 3589 Quae
1266 3513 1299 3577 in

164 3614 328 3679 nonnullis
359 3615 578 3680 locutionibus
610 3636 675 3680 non
703 3614 751 3681 ita
781 3615 888 3681 solitis
910 3615 1086 3681 invenitur.
1133 3638 1160 3682 e.
1183 3639 1231 3698 gn
1257 3617 1299 3680 cd

164 3718 318 3797 ultimum,
347 3740 444 3800 quam
467 3719 664 3785 locutionem
687 3720 875 3802 Draegerus
898 3720 984 3803 apud
1007 3720 1136 3784 Livium
1158 3721 1299 3804 primum

164 3820 304 3886 inveniri
327 3822 417 3901 dicit,
445 3844 542 3905 quem
566 3827 697 3890 secutos
721 3845 794 3888 esse
815 3823 974 3902 Curtium,
998 3824 1167 3889 Valerium
1189 3825 1298 3890 Maxi-

163 3946 251 3989 mum
283 3926 492 4009 maximeque
525 3928 743 3993 Lactantium.
789 3928 853 3994 Sed
885 3949 926 3992 ne
958 3928 1143 3994 aSenecae
1170 3929 1300 4011 quidem

165 4027 292 4094 dicendi
324 4052 386 4095 usu
415 4030 506 4096 illam
535 4031 676 4096 alienam
707 4054 781 4098 esse
813 4053 855 4097 ex
879 4032 1098 4115 compluribus
1121 4033 1201 4098 locis
1224 4055 1298 4116 per-

164 4131 311 4216 spicitur,
335 4154 363 4199 e.
386 4157 418 4217 g.
443 4138 535 4215 1355,
560 4138 653 4201 2149.

264 4235 390 4302 Deinde
420 4242 674 4305 commemoratu
704 4239 803 4322 digna
833 4243 885 4305 est
918 4239 1039 4305 locutio
1074 4240 1117 4303 od
1150 4241 1296 4320 litterum,

164 4360 229 4422 qua
251 4340 416 4410 Ciceronis
439 4343 519 4407 illud
543 4344 586 4407 od
608 4342 733 4409 cerdera
755 4343 905 4410 imitatus
927 4344 1050 4410 Seneca
1072 4344 1196 4427 primus
1219 4365 1297 4410 usus
