3076 4936
616 295 827 358 „17-

254 485 289 569 g)
312 485 346 550 Si
363 483 527 550 adiectiva
548 490 693 562 potus,
718 485 828 562 emula
851 486 1027 562 uniuersus,
1052 484 1190 549 medius“
1213 505 1287 550 cum

153 589 373 656 substantivis
411 586 609 652 attributive
653 586 827 651 coniuncta
870 590 967 665 sunt,
1013 588 1099 652 nudo
1141 588 1289 654 ablativo

151 696 259 760 locum
293 683 471 774 significari
501 712 597 774 posse
620 690 733 755 multis
765 691 941 755 multorum
974 690 1172 774 scriptorum
1206 691 1289 756 locis

153 797 394 880 comprobatur.
450 795 547 879 Apud
584 795 742 861 Senecam
776 797 886 859 autem
919 793 1121 878 praepositio
1156 794 1291 860 videtur

94 880 98 888 ⁵
153 921 283 984 semper
310 899 432 963 omissa
461 919 550 962 esse:
581 900 658 962 2914
689 898 749 960 erit
778 898 893 983 uliquis
922 896 993 961 orbe
1016 904 1078 961 toto
1101 900 1204 979 locum
1227 901 1289 964 374

152 1007 296 1084 fureuu'u
320 1010 382 1067 toto
406 1002 475 1065 orbe
509 1023 620 1083 oruu;
649 1004 747 1066 20324
778 1009 839 1065 toto
869 1004 979 1066 iuuere
1001 1022 1064 1065 uou
1086 1002 1215 1066 ducitur
1238 1002 1292 1066 sed

153 1111 295 1174 tuebitur
302 1129 314 1188 ;
337 1110 421 1171 2252
444 1107 516 1189 plus
538 1108 627 1170 iutro
649 1127 748 1169 uuum
770 1108 917 1169 ciciuiucu
940 1127 1034 1190 quum
1057 1126 1111 1190 epo
1128 1114 1189 1171 toto
1207 1109 1291 1169 muri

155 1214 316 1298 quaesiuit.

255 1315 289 1396 h)
314 1314 491 1379 Praeterea
507 1314 690 1396 complures
706 1312 763 1377 alii
784 1313 923 1379 ablativi
945 1315 1008 1380 loci
1024 1314 1111 1399 apud
1127 1316 1286 1381 Senecam

154 1421 339 1487 occurrunt.
407 1418 549 1494 Quorum
593 1416 718 1500 primus
763 1416 895 1482 videtur
927 1434 1016 1484 esse:
1048 1420 1086 1483 59
1117 1419 1161 1482 od
1196 1417 1290 1482 Muu·

155 1531 229 1588 doru
256 1525 327 1586 -ucu‘e
356 1523 456 1614 ciclus
490 1528 543 1584 est.
595 1520 659 1586 Sed
688 1519 749 1584 hoc
781 1521 853 1585 loco
883 1521 1049 1586 ablativus
1082 1521 1290 1588 instrument.

156 1632 214 1692 aut
236 1626 323 1692 modi
345 1625 587 1707 intellegendus
610 1628 671 1690 est.
702 1624 824 1689 Postea
847 1624 934 1690 enim
956 1625 1077 1690 dicitur
1091 1647 1122 1710 p.
1142 1629 1225 1691 1022
1247 1628 1291 1689 iu

156 1733 223 1794 ucie
250 1732 333 1809 uicit,
360 1729 446 1792 docuu'
478 1735 589 1810 coptus
617 1735 671 1792 est.
723 1726 849 1793 Deinde
878 1727 912 1791 in
941 1728 1091 1794 omnibus
1124 1728 1290 1794 codicibus

157 1835 315 1918 scriptum
339 1836 406 1898 est:
433 1834 517 1897 1063
541 1853 610 1895 cuuc
630 1838 824 1914 pupuuuteu
846 1853 878 1895 se
901 1835 967 1896 acie
989 1833 1212 1915 descripsisset.

258 1937 326 2014 (luo
342 1938 413 2002 loco
430 1934 654 2017 Schultingius
670 1934 824 2000 coniecit:
848 1937 881 1998 iu
899 1938 974 2018 ucie,
997 1937 1158 2020 probante
1174 1937 1288 2002 Kiess-

154 2043 265 2125 lingio.
312 2040 435 2117 Quibus
457 2042 494 2103 ut
518 2038 683 2103 assentiar
698 2059 718 2102 a
733 2059 785 2103 me
807 2038 986 2122 impetrare
1009 2062 1074 2105 non
1097 2040 1199 2124 potui,
1217 2062 1290 2106 cum

154 2150 188 2212 et
211 2145 324 2209 Livius
345 2146 379 2208 et
402 2142 459 2206 alii
481 2142 660 2225 scriptores
684 2142 795 2221 dicant
825 2144 892 2206 cele
909 2164 1067 2226 puquure.
1111 2143 1228 2225 Neque
1251 2164 1290 2208 eo

154 2249 235 2326 loce,
260 2247 314 2329 qui
338 2249 389 2311 est
413 2246 486 2324 248,
516 2244 736 2328 Kiesslingius
758 2245 828 2310 iure
852 2247 995 2311 offensus
1024 2251 1085 2312 est.
1126 2247 1175 2312 Ibi
1204 2247 1290 2312 enim

155 2351 310 2435 legimus:
335 2351 398 2414 als
421 2349 502 2434 quod
525 2349 581 2412 boc
611 2370 740 2412 sucrum
762 2357 815 2428 ese,
839 2352 974 2433 cirpiue's
997 2351 1072 2415 dece
1095 2352 1205 2434 templo
1228 2353 1290 2415 cir·

156 2458 259 2539 qiuem
274 2454 421 2518 occidere.
446 2453 495 2518 De
511 2474 573 2535 quo
585 2454 657 2518 loco
673 2453 894 2536 Kiesslingius
907 2455 913 2494 ¹
933 2454 1022 2534 dicit,
1035 2475 1076 2519 ne
1089 2454 1288 2520 contrarium

156 2559 314 2636 tollatur,
345 2556 430 2640 quod
460 2555 645 2620 intercedat
675 2555 763 2620 inter
785 2559 938 2639 cirpiueru
967 2558 1058 2621 deum
1080 2561 1114 2623 et
1137 2559 1293 2640 cirqiueuc

156 2682 235 2746 quue
272 2661 447 2739 occiditur,
493 2659 684 2741 genetivum
718 2681 760 2725 ex
793 2680 923 2724 sucrum
968 2660 1110 2744 pendere
1154 2682 1289 2725 necesse

109 2831 111 2835 ,
157 2785 247 2841 esse;
291 2762 406 2826 deinde
448 2762 726 2846 praepositionem
758 2764 792 2826 iu
826 2766 904 2828 ante
945 2764 1056 2847 templo
1100 2763 1288 2828 desiderari.

158 2869 247 2946 Quae
278 2873 351 2930 cum
380 2865 429 2929 ita
457 2864 544 2945 sint,
590 2865 734 2931 fortasse
775 2867 982 2932 scribendum
1019 2889 1092 2933 esse
1130 2869 1288 2952 aucupio,

152 2971 243 3055 'quod
272 2969 512 3052 interpretatur
542 2968 618 3031 obue
650 2971 803 3051 cederes,
837 2971 945 3054 puicu
985 2972 1088 3049 Quam
1123 2972 1289 3038 coniectu·

157 3097 228 3140 ram
256 3073 313 3137 vix
346 3071 498 3154 cuiquam
527 3072 689 3155 probabit.
741 3073 851 3156 Atque
885 3096 926 3139 ne
959 3074 1030 3158 ipse
1063 3075 1192 3158 quidem
1227 3075 1290 3140 sibi

157 3181 303 3255 constat,
336 3197 410 3240 cum
437 3174 471 3239 in
501 3175 644 3240 editione
673 3198 733 3242 sua
767 3177 959 3244 coniecerit:
993 3168 1118 3265 eirpiue'
1141 3182 1215 3245 dece
1236 3202 1289 3244 eu-

157 3285 277 3366 teuplo.
308 3280 400 3357 Quod
416 3280 444 3344 si
467 3280 518 3346 cui
533 3280 705 3363 placuerit,
729 3281 850 3347 habeat
866 3282 946 3361 sibi;
970 3284 1049 3348 mihi
1073 3285 1178 3350 omnis
1201 3287 1287 3352 diffi-

158 3386 264 3451 cultas
281 3385 413 3449 sublata
428 3382 569 3462 videtur,
586 3383 614 3448 si
630 3387 741 3468 templo
754 3385 903 3451 dativum
914 3387 1145 3471 intellegimus.
1165 3391 1290 3458 ¹Etiam

157 3489 333 3553 Muellerus
356 3487 377 3551 l.
400 3487 422 3551 l.
445 3507 476 3568 p.
498 3488 536 3550 16
560 3486 734 3552 lectionem
756 3489 914 3554 traditam
936 3491 1083 3557 retinuit.

260 3591 324 3656 Sed
338 3594 376 3656 ut
391 3591 433 3656 ad
449 3591 550 3657 ablat.
567 3591 630 3657 loci
645 3592 827 3672 redeamus,
844 3594 1030 3677 exemplum
1046 3595 1116 3661 eius
1132 3596 1289 3666 habemus

159 3696 254 3758 13112
277 3715 432 3780 quousque
454 3696 535 3758 duro
557 3695 673 3759 lucebis
697 3702 874 3760 castrorum
897 3697 1045 3764 cubiculo.

261 3795 382 3862 Contra
404 3800 466 3864 47⁸
489 3801 531 3862 c‘u
552 3801 666 3863 rostris
688 3803 814 3863 e'ueuere
836 3801 919 3880 suis;
945 3804 1027 3866 1132
1051 3811 1161 3887 coptus
1182 3809 1226 3870 iu
1249 3816 1289 3873 te·

155 3900 258 3964 uebre's
279 3901 435 3982 iueebouu3
460 3904 559 3967 assu
588 3905 635 3966 itu
665 3911 813 3986 lupulus
834 3925 882 3968 ure
913 3905 1056 3971 libentius
1086 3911 1127 3971 iu
1150 3909 1289 3977 cubiculo
1373 3917 1376 3922 '

156 4024 221 4069 uec
243 4025 387 4069 eucucsse.

259 4250 266 4283 ¹
287 4246 363 4299 Neue
382 4247 514 4314 Beitrbgc
540 4264 586 4298 aur
604 4247 698 4298 Kritik
723 4247 771 4299 des
789 4249 895 4301 Rhetor
921 4250 1034 4304 Seneca.
1071 4253 1169 4319 Progr.
1189 4253 1215 4305 d.
1235 4254 1288 4307 (ie-

154 4334 368 4400 lehrtensohule,
387 4333 530 4400 Hamburg
551 4336 624 4385 1811.

1168 4425 1185 4479 2
