3076 4936
672 230 861 290 ..5-

198 419 270 484 tiva
293 417 436 501 appositi
466 420 525 482 888
554 438 627 482 cum
657 418 758 481 verbo
789 433 873 482 esse
902 419 1075 487 coniuncti.
1129 422 1224 502 Quos
1258 447 1332 491 cum

135 581 137 586 .
198 521 279 586 nihil
295 521 449 585 differant
465 542 485 585 8
500 520 599 585 solita
622 521 749 585 dicendi
771 523 1017 602 consuetudine,
1042 546 1234 592 enumerare
1251 550 1332 612 opus

198 647 262 690 non
285 628 347 690 888.
392 623 456 688 Sed
479 623 565 688 haud
588 624 630 688 ab
653 645 689 688 re
713 645 786 689 esse
809 625 976 704 existimo,
1004 626 1065 692 hoc
1091 629 1162 694 loco
1191 652 1332 698 comme-

199 749 327 794 morare
360 726 562 792 Ellendtium
599 731 633 792 et
666 727 866 810 Seyffertum
899 748 1043 809 errasse,
1077 733 1161 813 quod
1195 756 1331 816 gramm.

200 834 258 898 lat.
283 831 300 913 ἓ
326 832 483 896 1448888.
507 831 662 896 edicunt
692 832 734 896 ad
766 853 883 915 corpus
917 837 1095 917 partesque
1118 836 1187 901 eius
1211 839 1332 905 deseri·
1440 906 1443 911 ,

201 937 307 1002 benda
336 957 467 1019 semper
498 934 681 1000 ablativum
710 935 871 1019 usurpari.
916 936 1003 1001 Nam
1031 959 1115 1027 cum·
1134 942 1220 1023 apud
1251 943 1333 1008 alios

201 1040 388 1123 scriptores
411 1042 482 1104 tum
505 1039 592 1122 apud
610 1038 769 1103 Senecam
792 1039 892 1104 etiam
908 1040 1082 1122 genetivus
1098 1044 1270 1124 qualitatis
1285 1046 1334 1111 ita

200 1143 375 1222 invenitur,
400 1165 427 1209 e.
451 1165 483 1225 g.
508 1145 569 1207 332
579 1163 607 1205 aa
630 1142 736 1206 rhetor
755 1144 894 1226 pnsiilae
915 1151 1066 1211 88888888.
1093 1161 1095 1166 ’

304 1247 485 1312 Genetivus
509 1245 682 1328 qualitatis
705 1246 775 1312 sine
799 1247 961 1313 attributo
976 1249 1104 1332 positus
1127 1252 1213 1334 apud
1234 1253 1332 1320 Sene-

199 1373 271 1416 cam
293 1373 358 1416 non
381 1351 558 1417 invenitur.

303 1473 367 1538 Sed
390 1474 544 1538 substt
469 1477 544 1538 8888
545 1473 645 1551 ivum‚
670 1495 713 1538 ex
733 1494 796 1555 quo
819 1477 928 1555 genet.
945 1476 1031 1556 qual.
1055 1476 1187 1558 pendet,
1218 1477 1333 1545 deesse

200 1581 326 1660 potest;
350 1577 441 1642 cuius
456 1577 588 1660 generis
604 1578 756 1660 exempla
779 1579 867 1661 apud
890 1577 1078 1644 Ciceronem
1093 1601 1158 1683 non
1173 1580 1331 1648 invenies.

201 1681 343 1746 Senecae
366 1685 424 1746 aut
426 1702 477 1746 em
500 1680 581 1745 haec
603 1683 697 1745 sunt:

305 1787 381 1850 1988
410 1787 464 1871 qni
493 1784 636 1848 88888888
624 1792 759 1868 tempore
781 1785 901 1867 oipnit,
930 1805 989 1870 qao
1012 1785 1190 1868 Lesbocles,
1222 1790 1331 1870 mayni

200 1893 335 1954 nominis
357 1898 385 1953 88
406 1890 525 1953 nomini
547 1889 749 1972 respondent
737 1910 765 1951 88
779 1889 918 1971 8898888·
941 1892 982 1953 38
992 1911 1021 1953 ao
1043 1893 1124 1954 mori
1142 1889 1197 1953 tibi
1212 1911 1332 1954 necesse

270 1993 396 2058 ntliber
411 2001 438 2057 88
453 1992 603 2057 inlibatae
618 1992 743 2074 dipnita
745 1994 785 2055 888
800 2012 991 2057 consummes
1007 1996 1050 2057 888
1052 2014 1117 2072 am;
1135 1996 1212 2058 6112
1230 2015 1332 2059 omnes

200 2003 310 2183 iniipni
325 2099 460 2162 nominis
475 2098 581 2160 videor
593 2096 735 2173 andisse3
751 2099 878 2161 3938..
895 2117 988 2181 qnain
1005 2099 1085 2162 888888
1073 2100 1191 2181 tprior
1202 2099 1331 2164 Adaens

201 2202 268 2266 88888
257 2210 315 2282 888,
338 2221 374 2264 888
396 2199 530 2264 Asianis
551 2219 615 2262 non
633 2200 768 2282 proiecti
789 2201 933 2263 nominis.

228 2310 231 2316 '
303 2302 418 2368 Senot
393 2306 500 2368 tivum
522 2306 556 2367 et
578 2301 760 2387 ablativum
784 2301 955 2384 qualitatis
979 2302 1168 2370 coniunctos
1192 2326 1258 2371 non
1280 2307 1330 2371 in-

200 2408 305 2474 veniri
327 2408 414 2491 apud
437 2407 604 2485 Senecam,
628 2427 723 2470 nemo
746 2405 929 2471 mirabitur
942 2427 1015 2470 cum
1037 2410 1215 2491 propterea
1246 2412 1331 2492 quod

200 2513 252 2578 hic
275 2511 402 2576 dicendi
424 2532 504 2575 usus
527 2510 613 2593 apud
636 2530 748 2574 omnes
772 2509 950 2593 scriptores
973 2509 1109 2574 Latinos
1139 2512 1329 2578 rarissimus

201 2620 262 2694 est,
285 2620 356 2681 tum
379 2615 463 2697 quod
486 2614 573 2697 apud
591 2613 749 2678 Senecam
779 2613 843 2678 abl.
877 2613 963 2695 qual.
994 2613 1124 2679 omnino
1155 2617 1328 2699 perpaucis

200 2719 280 2784 locis
303 2718 479 2783 invenitur.
525 2717 589 2782 Sed
620 2717 660 2781 de
682 2717 744 2782 hac
766 2739 802 2782 re
828 2717 924 2800 plura
946 2716 1062 2796 dicam,
1092 2739 1165 2782 cum
1194 2719 1235 2784 ad
1264 2710 1329 2786 abl.

202 2824 288 2906 qual.
312 2843 443 2887 venero.

303 2925 360 2990 De
381 2926 567 3010 qenetieo
586 2925 730 3008 pretii.
756 2922 917 3006 (Draeger
940 2922 957 3004 ἓ
981 2922 1067 3006 201).

303 3030 352 3095 Ι)8
374 3051 447 3112 gen.
470 3030 565 3112 pret,
591 3027 710 3111 quippe
732 3027 786 3109 qui
810 3027 958 3092 omnibus
981 3027 1183 3110 temporibus
1216 3030 1330 3095 eodem
1380 3061 1384 3068 .

201 3135 296 3200 modo
333 3133 499 3199 adhibitus
533 3132 594 3210 sit,
628 3132 733 3196 multa
770 3132 873 3196 verba
910 3131 1020 3196 facere
1054 3153 1135 3215 opus
1168 3154 1232 3197 non
1269 3136 1330 3199 est

201 3238 381 3304 Dicendum
404 3240 514 3302 autem
543 3239 595 3301 est
618 3235 658 3300 de
683 3235 888 3313 formula„l
877 3237 959 3298 88888
987 3238 1061 3300 est“.
1113 3233 1210 3300 Cuius
1242 3238 1330 3302 locu-

201 3341 301 3407 tionis
335 3341 522 3423 Draegerus
555 3338 759 3422 Madvigium
793 3343 925 3405 secutus
962 3342 1031 3404 tres
1068 3338 1218 3405 notiones
1256 3361 1329 3406 esse

203 3445 291 3524 dicit,
315 3466 451 3527 quorum
473 3464 631 3526 generum
654 3444 807 3526 exempla
829 3443 916 3527 apud
938 3442 1096 3507 Senecam
1120 3442 1332 3510 inveniuntur

203 3549 354 3615 omnium.
400 3548 488 3626 Quae
512 3547 625 3612 eodem
647 3547 760 3612 ordine
783 3568 862 3612 usus
879 3568 941 3629 quo
957 3545 1101 3629 Medoiq,
1121 3547 1175 3609 888.
1192 3545 1329 3631 Spracb·
1353 3602 1372 3648 ς

202 3653 294 3734 lebna,
319 3652 336 3733 ἓ
360 3655 432 3733 294,
456 3652 551 3717 Anm.
576 3653 605 3730 3,
628 3651 690 3716 hoc
712 3651 807 3716 modo
830 3650 981 3734 dispono:

307 3758 337 3842 1)
361 3761 423 3824 528
457 3778 520 3822 888
552 3767 595 3831 888
630 3760 713 3822 tanti
746 3759 869 3821 seranni
897 3756 1074 3821 Ciceronem
1105 3765 1139 3821 88
1168 3763 1327 3821 seruatam

203 3864 341 3928 Antonio
363 3863 497 3927 debeam.
826 3928 830 3938 ,

305 3966 338 4050 2)
362 3970 415 4033 788
440 3974 475 4031 88
492 3973 597 4049 posset
615 3966 785 4049 perveniri,
808 3967 888 4028 88888
910 3971 1013 4029 tamen
1034 3985 1097 4028 non
1118 3985 1180 4029 8888
1187 3987 1200 4046 ‚·
1231 3967 1331 4029 32788

204 4093 273 4137 888
296 4070 462 4136 abdicarer
484 4069 620 4134 aiebam:
643 4067 723 4132 nibil
744 4075 788 4132 888
810 4062 909 4132 tenti

305 4174 338 4258 3)
361 4177 401 4240 37
411 4194 440 4238 es
466 4174 588 4238 etiamsi
609 4173 779 4256 impetrare
800 4174 898 4236 888888
920 4171 957 4234 ab
979 4171 1117 4234 Antonio
1136 4179 1242 4256 88888,
1268 4190 1332 4236 888

204 4285 248 4343 888
266 4280 351 4342 tanti
371 4297 502 4362 ropare3
535 4279 595 4342 117
605 4298 632 4341 rs
655 4297 718 4340 888
750 4282 793 4341 888
822 4278 903 4341 88888
925 4275 1088 4340 detrahere
1109 4276 1157 4339 illi
1185 4295 1331 4340 commen·

1303 4396 1457 4464 A
