3076 4936
674 329 884 391 -30-

319 518 428 602 Opas
452 526 513 581 est
536 522 569 583 et
592 537 696 580 cisiis
722 525 792 582 est.
839 518 999 602 (Draeger
1022 522 1039 603 p*
1063 526 1150 602 249).

317 627 347 697 1)
374 622 460 704 Opus
482 630 526 686 esi
548 624 606 686 aut
629 642 702 685 cum
725 621 927 688 nominativo
951 625 1090 692 subiecti
1114 635 1171 696 aut
1195 654 1268 698 cum
1288 638 1346 702 ab·

210 730 314 795 lativo
347 727 500 808 coniungi
532 726 626 790 solet.
673 725 760 801 Quas
790 725 878 791 inter
904 727 1086 796 locutiones
1116 736 1200 815 quod
1224 737 1256 802 id
1280 740 1345 804 dis·
1376 807 1377 810 ,

213 833 336 897 crimen
359 830 562 896 intercedere
578 828 814 894 animadvertit
829 829 1025 913 Madvigius,
1051 837 1143 901 utin
1166 842 1345 907 enuntiatis

211 935 378 1019 negativis
395 936 452 999 aut
468 931 716 1013 interrogativis
733 953 863 1016 semper
877 933 947 999 fere
970 936 1136 1003 ablativus
1159 948 1344 1025 usurpetur,

211 1042 334 1106 Seneca
358 1038 457 1103 etiam
481 1037 514 1100 in
537 1036 748 1100 affirmativis
778 1037 961 1102 ablativum
984 1039 1114 1105 videtur
1136 1047 1343 1125 praetulisse.

210 1147 310 1209 asan
341 1162 456 1224 mopso
490 1147 727 1222 {arriperomenlo
761 1161 840 1222 optes
871 1149 915 1205 est
946 1150 974 1207 et
1005 1147 1164 1208 occasione
1194 1151 1343 1233 piladem,

210 1250 272 1313 309
283 1269 310 1310 aa
334 1246 510 1310 tmiirnviris
533 1263 611 1326 opus
634 1251 694 1322 asi,
730 1247 870 1325 cernitis,
894 1247 1051 1330 carnifice.
1097 1247 1216 1314 Utrum
1239 1255 1342 1318 nomi·
1366 1269 1369 1274 ’

209 1352 342 1417 nativus
366 1371 408 1415 an
431 1346 598 1412 ablativus
627 1346 867 1430 intellegendus
901 1349 946 1414 sit
977 1350 1120 1416 dubitari
1149 1359 1261 1437 potest
1291 1360 1343 1424 his

208 1454 306 1521 locis:
331 1455 430 1517 25813
453 1457 487 1513 at
517 1453 550 1512 ia
581 1452 688 1513 insiliis
716 1452 766 1513 illi
797 1453 888 1515 senia
919 1473 997 1534 opos
1025 1462 1085 1533 cst,
1108 1458 1205 1520 44113
1230 1483 1272 1522 aa
1295 1466 1343 1528 illi

209 1560 333 1622 conscia
357 1576 434 1640 opus
453 1554 565 1636 fuerit.
622 1553 685 1618 Sed
719 1553 769 1618 his
792 1576 920 1638 quoque
943 1557 1023 1622 locis
1047 1560 1226 1626 ablativum
1251 1568 1341 1648 equi-

208 1665 281 1728 dem
304 1658 505 1742 agnoverim.

307 1769 342 1843 2)
371 1763 453 1827 Usus
474 1769 517 1825 cst
541 1761 626 1845 apud
650 1762 808 1827 Senecam
830 1785 895 1828 non
917 1764 1048 1847 legitur.

306 1886 365 1950 De
397 1885 596 1949 locutive.
643 1884 805 1966 (Draeger
837 1884 856 1965 ἓ
888 1887 974 1967 250).

310 2007 466 2072 Praeter:
500 2004 626 2083 Romae,
651 2005 830 2085 Massiliae,
855 2006 990 2087 similia,
1016 2010 1132 2092 quibus
1156 2015 1338 2083 addendum

206 2117 257 2181 est
280 2112 373 2189 domi,
397 2111 437 2176 de
459 2109 602 2174 locativo
625 2109 704 2172 nihil
727 2110 841 2187 habeo,
876 2112 962 2192 quod
985 2112 1100 2180 dicam.
1146 2116 1254 2183 Unum
1277 2123 1338 2185 ali-

206 2217 297 2283 cuius
313 2213 469 2280 momenti
485 2216 546 2290 est,
571 2213 655 2295 quod
672 2214 863 2296 pronomina
886 2217 1074 2298 possessiva
1097 2241 1170 2283 cum
1193 2223 1335 2290 locativo

205 2323 289 2384 (iorni
312 2318 397 2402 apud
421 2318 578 2382 Senecam
601 2339 665 2382 non
689 2317 939 2399 coniunguntur,
968 2322 1024 2385 sed
1048 2343 1177 2406 semper
1199 2327 1335 2394 dicitnr:

203 2428 239 2489 in
260 2445 338 2502 meo,
362 2429 418 2485 tao
442 2470 448 2483 .
473 2471 479 2481 .
505 2421 603 2485 domo.

307 2549 372 2611 Dc
390 2545 651 2625 picaoaicipiis.

305 2665 557 2748 Participiorum
587 2686 682 2728 usum
714 2666 800 2748 apud
823 2666 980 2731 Senecam
1004 2670 1152 2736 crebrum
1175 2694 1240 2737 non
1262 2696 1336 2741 esse

204 2795 269 2838 non
291 2771 512 2846 mirabuntur,
538 2769 720 2851 quicunque
744 2769 852 2834 sciunt
883 2792 956 2835 cum
980 2773 1150 2839 universos
1174 2780 1333 2858 argentei,

205 2877 290 2958 quod
313 2874 442 2950 dicitur,
473 2871 596 2937 saeculi
615 2871 794 2955 scriptores
823 2874 938 2955 longas
968 2877 1205 2942 sententiarum
1230 2883 1334 2947 conti-

203 2979 376 3045 nuationes
398 2977 533 3060 fugisse,
558 2980 628 3041 tum
652 2976 802 3041 rhetores
822 2977 948 3058 argutis
965 2979 1129 3061 certisque
1146 2986 1179 3047 et
1196 2983 1333 3050 circum-

203 3082 335 3166 scriptis
358 3083 533 3146 verborum
566 3079 829 3145 contentionibus
864 3080 1040 3146 studuisse.
1085 3084 1209 3150 Tamen
1232 3089 1332 3154 etiam

202 3186 236 3250 in
264 3186 325 3251 hoc
358 3205 479 3268 genere
513 3185 668 3248 nonnulla
702 3182 928 3262 inveniuntur,
964 3184 997 3249 in
1028 3186 1144 3267 quibus
1175 3190 1332 3258 Senecam

202 3290 346 3356 rationes
369 3310 389 3354 a
412 3288 566 3354 Cicerone
590 3288 784 3352 observatas
807 3308 975 3370 egressum
999 3310 1071 3354 esse
1094 3291 1252 3360 videmus.

300 3408 342 3493 A)
365 3411 424 3475 De
444 3411 687 3493 practicipio
711 3411 946 3473 coniiiiicto.

300 3532 359 3595 De
401 3532 644 3614 participio
684 3534 938 3613 praesentis.
997 3532 1159 3615 (Draeger
1193 3536 1210 3616 ἓ
1245 3537 1330 3620 572).

200 3635 415 3719 Participium
430 3633 623 3718 praesentis,
646 3632 765 3716 quippe
781 3654 844 3714 quo
860 3632 1064 3716 significetur
1079 3636 1202 3719 aliquid
1218 3640 1331 3706 eodem

199 3745 346 3824 tempore
368 3739 502 3816 factum,
516 3740 614 3819 atque
634 3736 675 3815 id,
693 3738 732 3801 de
749 3758 811 3818 quo
828 3737 998 3802 enuntiato
1021 3739 1176 3821 primario
1200 3743 1329 3824 dicitur,

198 3865 258 3929 pro
280 3841 457 3926 praesenti,
473 3840 630 3924 perfecto,
646 3840 758 3906 futuro
781 3845 928 3924 tempore
951 3862 1024 3905 esse
1047 3846 1167 3924 potest.
1199 3846 1330 3912 Inveni·

198 3949 299 4011 untur
321 3949 431 4010 autem
454 3944 555 4009 etiam
577 3943 656 4022 loci,
690 3944 807 4025 quibus
839 3944 925 4008 ratio
959 3947 1143 4027 temporum
1177 3950 1330 4031 neglecta

198 4049 252 4127 sit,
276 4052 313 4113 ut
335 4046 509 4132 participio
531 4047 716 4130 praesentis
740 4046 863 4129 aliquid
886 4047 1104 4130 significetur,
1136 4053 1220 4132 quod
1244 4057 1329 4118 tcm-

197 4175 276 4238 pore
299 4151 474 4217 antecedat
496 4149 536 4228 ei,
560 4151 599 4214 dc
622 4172 685 4232 quo
709 4150 879 4215 enuntiato
895 4151 1050 4234 primario
1067 4153 1205 4221 dicatur.
1230 4156 1328 4223 Cuius

198 4257 285 4322 modi
319 4254 470 4336 exempla
504 4252 610 4318 obiter
643 4253 784 4318 intuenti
818 4255 973 4319 nonnulla
1007 4255 1107 4321 ctiam
1141 4257 1174 4320 in
1204 4259 1328 4327 Seneca

200 4359 341 4425 inveniri
375 4357 537 4423 videntur.
583 4356 669 4433 Quos
701 4358 788 4421 locos
812 4357 840 4421 si
864 4358 1052 4440 diligentius
1076 4360 1329 4443 examinaveris,
