3076 4936
668 327 879 391 ...35-

209 523 338 604 qnidem
362 521 470 605 speeie
493 520 556 584 huc
578 518 751 583 referenda
774 539 846 582 esse
869 517 1032 596 videntur,
1057 518 1085 583 si
1109 518 1209 584 altius
1232 519 1341 605 inspe·
1431 504 1433 513 ¹

208 609 308 705 xeris‚
332 624 397 690 alio
416 623 510 688 modo
527 644 600 688 esse
622 622 872 705 interpretanda
895 621 1031 687 videbis.
1055 622 1108 688 Ex
1132 623 1248 706 quibus
1272 628 1342 690 est:

209 731 271 795 737
295 729 545 812 infelicissimam
569 725 658 790 ombo
675 733 702 789 et
718 727 934 796 tristissimam
955 727 1075 808 eqimms
1089 728 1194 807 bitom,
1218 736 1342 811 excepto

206 854 280 914 mmo,
303 833 385 917 emori
408 834 487 895 citer
511 832 646 895 ottermm
668 835 804 914 ementem
826 830 971 893 ridimms.
1026 830 1113 895 Nam
1136 839 1258 915 excepto
1280 853 1342 896 mmo

206 937 291 1001 idem
314 936 404 1000 valet
427 956 465 998 ac
489 936 517 998 si
538 955 638 997 mmmm
661 935 826 1016 exceperis.

308 1065 366 1130 Oui
389 1066 459 1130 looo
484 1063 608 1129 similes
631 1067 725 1129 sunt:
753 1066 861 1143 17811,
885 1066 992 1144 21011,
1017 1068 1125 1146 26011,
1150 1069 1257 1132 31715.

314 1197 378 1261 Sed
401 1196 502 1261 etiam
527 1198 607 1260 1921
642 1197 708 1258 ioco
730 1215 846 1280 qmoqme
868 1204 984 1260 remoto
1007 1196 1108 1261 aiebat
1129 1219 1196 1261 rem
1218 1200 1342 1262 aerissi-

205 1323 289 1366 mom
311 1301 428 1385 partio.
451 1299 591 1383 perfecti
617 1299 715 1364 solita
749 1320 808 1363 sua
838 1299 971 1365 notione
997 1301 1140 1383 positum
1166 1321 1239 1366 esse
1266 1322 1341 1366 cen·

206 1429 271 1473 seo.
317 1405 448 1469 Dixerit
491 1405 634 1469 fortasse
664 1402 826 1485 quispiam
854 1405 920 1467 ioco
953 1413 1069 1470 remoto
1107 1405 1230 1471 dictum
1268 1426 1340 1471 esse

205 1533 264 1596 pro
293 1513 395 1574 iocmm
425 1528 583 1572 remooems
613 1506 683 1571 sive
713 1508 787 1570 1111111
819 1510 921 1572 iocmm
943 1516 1083 1574 removet.
1129 1509 1192 1576 Sed
1215 1509 1244 1573 si
1267 1509 1340 1574 dili-

204 1615 336 1697 gentius
360 1612 630 1691 consideraveris,
657 1611 768 1695 potius
791 1632 864 1676 esse
887 1612 1170 1696 interpretandum
1193 1613 1339 1680 videbis:

206 1741 275 1782 cmm
305 1721 408 1781 iocmm
438 1717 614 1779 removisset
638 1714 699 1795 (z
722 1717 786 1779 ioco
800 1716 900 1799 fierem
931 1717 1146 1800 imposuisset)
1171 1718 1251 1781 dimit
1274 1738 1340 1781 rem

207 1824 413 1887 verissimam.

305 1952 428 2016 Verum
462 1970 527 2014 non
562 1949 680 2014 desunt
713 1947 793 2026 loci,
828 1947 945 2030 quibus
977 1970 1013 2013 re
1042 1970 1122 2014 vere
1155 1951 1338 2034 perfectum

205 2056 336 2121 detondi
351 2077 416 2119 non
432 2053 547 2137 possit.
579 2054 641 2116 243
664 2054 746 2115 otios
769 2054 890 2134 nepotis
912 2053 1062 2117 imbribms
1077 2053 1175 2116 sotmm
1191 2063 1336 2120 emmrmmt.

203 2158 291 2224 Nam
313 2160 436 2241 nepotis
458 2155 608 2220 imbribus
629 2154 682 2219 hie
704 2154 987 2238 interpretandum
1019 2177 1093 2221 esse
1122 2160 1197 2242 qmio
1225 2159 1339 2222 imbres

202 2269 360 2347 meqomtmr
383 2282 425 2326 ex
447 2259 551 2325 totius
575 2258 639 2323 loci
662 2258 828 2324 sententia
849 2260 1056 2343 perspicuum
1080 2265 1141 2326 est.
1222 2306 1223 2313 1

273 2390 274 2395 ’
304 2391 426 2457 Similis
461 2394 512 2455 est
543 2393 603 2455 res
622 2391 729 2473 proici
761 2409 807 2452 me
840 2390 971 2453 adiectis
1006 2391 1205 2453 eomtmmeiioe
1238 2389 1338 2454 verbis

201 2498 303 2561 imssit.
348 2494 436 2560 Nam
468 2516 527 2577 pro
552 2494 684 2559 adiectis
716 2492 814 2556 oerbis
845 2493 1112 2575 exspectaveris:
1139 2497 1339 2559 comtmmelioe

203 2601 295 2663 oerbo
317 2600 463 2662 odieiems.

304 2728 424 2793 Nescio
461 2750 503 2792 an
540 2728 574 2792 in
618 2728 678 2792 hoe
723 2749 858 2794 numero
903 2729 1018 2794 haberi
1063 2730 1168 2812 possit
1213 2730 1334 2798 etiam:

201 2834 279 2896 3311
314 2834 398 2896 omiti
430 2832 562 2895 dimisso
600 2832 751 2896 divisiome
781 2839 904 2896 tomtmm
933 2834 1118 2898 eremitorii-
1145 2833 1233 2898 Nam
1263 2856 1336 2899 oum

202 2937 253 3016 id,
287 2937 372 3020 quod
400 2940 452 3002 est
487 2937 666 3000 dirisiomem
689 2938 852 3017 dimittere,
886 2940 1034 3020 tempore
1065 2959 1130 3003 non
1161 2939 1336 3005 antecedat

201 3041 246 3120 ei,
282 3041 367 3124 quod
400 3044 452 3105 est
483 3042 642 3118 exultare,
675 3041 732 3104 sed
761 3043 936 3123 utrumque
960 3042 1073 3106 eodem
1095 3045 1243 3125 tempore
1265 3044 1334 3121 fiat,

201 3149 330 3229 tempus
374 3165 531 3228 praesens
576 3148 828 3229 exspectamus,
873 3149 910 3211 ut
953 3148 1037 3209 ommi
1079 3147 1210 3210 dimisso
1255 3147 1335 3210 dioi-

199 3235 287 3314 siome'
305 3248 458 3313 videatur
474 3249 597 3314 dictum
619 3270 692 3314 esse
715 3271 793 3333 pro:
819 3270 937 3314 ormmem
960 3250 1119 3313 dimitteris
1142 3250 1333 3315 dioisiomem.

199 3351 263 3417 Sed
294 3354 379 3414 1111111
408 3352 540 3415 dimisso
575 3352 725 3417 divisione
756 3353 858 3418 etiam
887 3353 927 3418 de
954 3352 1154 3436 cogitatione
1185 3352 1334 3436 intellegi

199 3458 320 3537 potest,
344 3476 428 3536 quac
450 3456 617 3522 antecedit
640 3456 679 3535 ei,
703 3457 788 3538 quod
812 3460 863 3522 est
885 3457 1036 3522 emeritam.

299 3584 390 3649 Haec
414 3589 491 3650 sunt
512 3585 607 3651 huius
630 3608 709 3650 usus
734 3588 904 3671 exempla,
935 3609 1019 3670 quae
1043 3587 1173 3671 quidem
1196 3591 1333 3653 exstant

106 3775 110 3778 ῃ
200 3688 286 3771 apud
309 3688 476 3754 Senecam.
508 3689 597 3766 Quae
621 3691 707 3771 quod
728 3711 834 3773 pouoa
856 3695 933 3757 sunt
952 3691 1074 3775 optime
1091 3692 1243 3757 convenit
1259 3714 1332 3757 cum

199 3792 256 3872 eis,
281 3813 364 3876 quae
387 3793 427 3857 de
450 3794 510 3858 hoe
532 3815 652 3876 genere
669 3793 753 3859 dixit
769 3794 967 3877 Draogerus‚
992 3795 1082 3878 quil.
1099 3796 1119 3860 l.
1137 3796 1232 3860 docet
1247 3795 1331 3860 hunc

197 3896 350 3977 loquendi
365 3921 459 3963 usum
476 3920 495 3963 a
511 3898 664 3964 Cicerone
680 3904 798 3978 ortum,
822 3901 909 3983 apud
930 3900 1131 3984 posteriores
1152 3899 1330 3983 scriptores

197 3998 333 4064 Latinos
355 4022 465 4066 rarum
489 4002 603 4066 videri.

296 4131 412 4213 Neque
449 4132 555 4196 minus
592 4154 668 4198 rare
713 4138 789 4199 sunt
835 4134 921 4218 apud
959 4132 1116 4200 Senecam
1153 4138 1330 4220 participio

197 4234 330 4316 perfecti
373 4236 553 4318 deponentis
596 4237 747 4301 absolute
791 4241 951 4321 usurpata
997 4239 1158 4322 (Draeger
1191 4239 1208 4320 ἓ
1243 4240 1329 4322 583).

197 4336 229 4400 N
231 4359 283 4402 am
318 4339 447 4405 omnino
481 4340 550 4404 eius
583 4340 712 4421 generis
749 4340 829 4405 nihil
867 4341 1032 4407 invenitur
1064 4348 1197 4427 praeter
1231 4348 1330 4408 unum

1195 4477 1226 4525 3*
