3076 4936
723 325 934 387 ..44-

265 515 322 579 sed
338 514 439 579 etiam
455 515 482 578 si
500 515 539 579 de
555 514 749 593 hominibus,
773 535 909 596 quorum
933 537 1032 599 opera
1054 515 1177 598 aliquid
1201 519 1248 596 fit,
1273 518 1398 602 saepis-

263 618 344 719 sime
367 617 509 702 ponitur.

364 747 426 812 Per
449 770 480 812 se
501 770 565 814 uno
588 749 659 814 loco
682 747 887 828 invenimus,
923 770 986 831 quo
1008 748 1095 814 idem
1122 751 1213 815 valet
1236 772 1275 816 ac
1298 750 1400 815 solas:

264 854 362 916 21213
385 854 459 936 qaia
482 853 544 917 ista
567 853 674 916 amaia
697 872 894 935 semperque
917 873 948 916 se
971 854 1143 917 tractanda
1167 862 1274 919 esseut.

364 981 480 1047 Altero
503 982 584 1061 loco,
609 1003 672 1064 quo
695 981 729 1046 in
753 982 918 1048 codicibus
937 1003 997 1065 per
1029 1003 1061 1047 se
1093 984 1253 1065 traditur,
1282 985 1397 1051 Kiess-

262 1085 383 1169 lingius
404 1106 493 1168 posse
517 1085 660 1169 scripsit,
684 1089 775 1151 recte
799 1089 836 1151 ut
850 1085 930 1150 mihi
946 1086 1092 1152 videtur:
1117 1090 1216 1153 36510
1239 1090 1301 1154 otae
1323 1091 1398 1155 baec

264 1191 428 1272 adiciebat,
450 1211 528 1274 qaae
548 1210 607 1271 per
628 1205 658 1252 se
680 1192 791 1274 quaeri
813 1188 955 1273 patabat.
986 1190 1052 1255 Fac
1075 1191 1161 1255 enim
1180 1213 1285 1275 perse
1307 1198 1398 1260 recte

263 1294 387 1359 dictum
410 1315 500 1372 esse;
524 1292 624 1358 nihilo
640 1291 748 1356 minus
764 1292 805 1357 ad
821 1292 1019 1358 infinitivum
1034 1296 1144 1377 qaaere'
1159 1295 1295 1360 verbum
1310 1317 1399 1380 posse

263 1396 483 1477 desiderabis,
515 1401 573 1462 aut
602 1419 661 1480 pro
689 1398 800 1481 quaeri
823 1396 994 1461 dicendum
1018 1397 1099 1463 erit:
1124 1402 1303 1482 quaerenda
1326 1423 1397 1469 esse.

262 1501 308 1566 At
334 1501 468 1584 insuper
494 1500 547 1565 hic
571 1521 685 1584 perse
712 1504 803 1567 recte
830 1522 864 1566 se
890 1500 1011 1566 habere
1037 1503 1151 1584 utique
1180 1526 1245 1569 non
1276 1509 1397 1588 potest.

263 1605 440 1670 Enimvero
464 1604 666 1688 significaret
689 1604 770 1669 duas
794 1604 1004 1686 quaestiones
1027 1607 1068 1671 ab
1092 1607 1156 1672 3110
1179 1608 1310 1674 rhetore
1333 1631 1399 1675 una

262 1712 426 1775 tractatas
456 1729 477 1773 a
505 1708 606 1774 Vario
638 1707 773 1773 Gemino
803 1707 983 1793 separatim
1012 1713 1176 1776 tractatas
1207 1733 1288 1777 esse.
1335 1712 1398 1777 Sed

263 1812 343 1879 dicit
377 1814 501 1879 Seneca
531 1812 701 1877 Geminum
735 1812 816 1877 duas
852 1834 955 1878 novas
988 1813 1198 1895 quaestiones
1222 1815 1397 1882 addidisse.

365 1944 425 2008 Vis
448 1947 559 2009 autem
583 1943 725 2009 causalis
748 1942 823 2008 huic
844 1944 1081 2027 praepositioni
1104 1945 1193 2010 nullo
1211 1947 1282 2011 loco
1299 1945 1395 2011 inest.

366 2074 572 2158 Praepositio
595 2076 695 2138 iuter
719 2073 912 2157 saepissime
935 2074 1068 2140 notione
1092 2075 1190 2141 solita
1212 2076 1233 2142 i.
1252 2098 1279 2142 e.
1300 2078 1397 2143 locali

262 2177 410 2243 adhibita
432 2182 493 2243 est.
540 2178 603 2243 Sed
626 2177 728 2243 etiam
751 2200 810 2261 pro
833 2178 987 2261 genetivo
1018 2180 1178 2263 partitiva
1208 2183 1291 2245 tater
1320 2183 1397 2266 poni

260 2303 357 2365 posse
380 2304 480 2366 supra
502 2282 581 2361 dixi,
605 2282 660 2347 ubi
683 2283 723 2347 de
746 2282 901 2366 genetivo
924 2282 1084 2366 partitivo
1109 2284 1285 2368 disputavi.

365 2413 446 2477 Tum
470 2412 556 2477 sicut
578 2412 691 2476 Livius
715 2412 764 2477 ita
787 2413 910 2478 Seneca
933 2435 1061 2495 quoque
1083 2435 1143 2496 pro
1173 2435 1341 2479 aaeaerare
1362 2419 1397 2480 e'a

264 2538 288 2581 e.
306 2516 366 2581 abt.
388 2516 473 2581 dixit
496 2537 664 2579 attractare
685 2518 782 2580 tuter:
808 2518 868 2582 174
879 2537 905 2580 10
929 2518 1011 2580 tatcr
1033 2516 1090 2580 bas
1113 2519 1185 2581 eiua
1208 2523 1396 2586 premereris.

366 2646 423 2711 Cui
445 2648 517 2712 loco
540 2646 656 2713 similis
680 2650 748 2713 est:
782 2649 879 2713 15431
901 2648 984 2710 ieter
1006 2647 1063 2710 aee
1084 2647 1220 2730 ponebas
1242 2656 1270 2713 et
1293 2650 1398 2715 ateias

261 2752 394 2815 11001301.

366 2871 490 2938 Deinde
513 2875 595 2937 inter
617 2873 785 2939 iuvenitur
807 2877 883 2957 post
910 2874 1012 2939 verba
1043 2874 1212 2954 movendi,
1245 2874 1277 2939 id
1310 2877 1395 2958 quod

264 2977 339 3042 inde
371 2977 561 3060 aVergilio
592 2977 789 3044 increbruit:
823 2980 922 3042 20810
953 2977 1056 3042 debuit
1080 3029 1087 3042 .
1113 3029 1119 3042 .
1145 3030 1151 3043 .
1179 2981 1283 3061 ipsam
1315 2981 1397 3044 iata·

261 3103 312 3158 rep
334 3101 409 3145 suas
432 3081 565 3145 trabere.
1243 3102 1246 3107 ·

366 3212 481 3295 Neque
504 3233 581 3277 rara
604 3216 656 3278 est
677 3213 773 3278 huius
795 3212 1050 3297 praepositionis
1072 3212 1163 3277 notio
1194 3213 1396 3296 temporalis.

366 3341 481 3424 Neque
504 3343 605 3408 etiam
628 3342 746 3409 desunt
768 3343 848 3423 loci,
873 3343 990 3426 quibus
1011 3345 1094 3408 iata·
1121 3342 1327 3409 coniunctum
1351 3342 1396 3409 sit

263 3468 335 3512 cum
369 3449 486 3512 neutro
520 3446 657 3531 pluralis
691 3447 930 3524 adiectivorum
964 3451 1022 3512 aut
1055 3447 1302 3532 participiorum
1336 3468 1395 3529 pro

263 3550 481 3616 substantivis
515 3554 757 3634 usurpatorum.
825 3552 927 3629 Quem
959 3574 1053 3617 usum
1084 3551 1289 3617 rarissimum
1323 3571 1396 3614 esse

262 3655 348 3738 apud
372 3654 550 3738 scriptores
574 3654 709 3720 Latinos
733 3655 841 3720 discas
863 3677 905 3720 ex
928 3655 1095 3739 Draegero
1118 3656 1139 3720 1.
1162 3655 1183 3720 l.
1206 3676 1237 3737 p.
1262 3656 1340 3718 611:

364 3786 406 3848 32
430 3786 540 3867 eaaqae'
558 3785 699 3867 pecteris
721 3793 766 3849 est
793 3786 875 3848 inter
905 3785 1041 3848 secanda
1072 3784 1263 3865 eaoderatt'o,
1295 3784 1395 3847 46113

261 3895 412 3972 quautam
435 3889 497 3952 31113
519 3909 583 3951 3333
606 3895 733 3971 oportet,
756 3909 834 3972 qaae
856 3890 939 3952 tuter·
962 3887 1118 3952 obstantia
1142 3893 1294 3970 ereeaepat.

365 4018 443 4083 Cum
477 4018 634 4102 gerundia
677 4040 804 4102 quoque
839 4021 921 4083 iuter
944 4018 1029 4103 apud
1053 4020 1210 4084 Senecam
1234 4014 1386 4098 coniungi

260 4145 360 4209 supra
387 4123 465 4190 dixi.

364 4254 512 4337 Denique
533 4254 633 4321 etiam
656 4278 715 4340 pro
732 4255 902 4321 enuntiato
918 4254 1110 4320 secundario
1127 4254 1307 4321 adhibitum
1324 4258 1392 4334 est3

263 4358 354 4425 cuius
376 4379 455 4424 usus
477 4357 601 4444 primus
624 4362 739 4425 auctor
760 4342 824 4424 fuit
847 4358 969 4425 Livius.
1014 4381 1041 4424 e.
1065 4381 1096 4442 g.
1122 4361 1220 4423 12913
1243 4359 1394 4424 Albucius
