3076 4936
704 342 893 403 ..2-

232 531 260 595 si
282 531 342 595 hoc
364 530 474 594 libello
497 529 539 594 ad
558 531 695 594 vulnera
710 528 767 594 illa
783 530 929 594 sananda
944 551 995 594 me
1012 551 1138 611 quoque
1155 533 1362 612 quantulum-

232 654 357 715 eunque
379 633 533 698 attulisse
555 632 763 712 iudicaveris,
786 633 929 716 gaudere
952 655 1005 698 me
1027 634 1214 716 profitebor.

334 737 397 801 Sed
419 740 457 801 ut
480 737 521 801 ad
543 736 577 800 id
601 736 685 818 quod
708 737 802 801 nobis
825 735 1031 820 propositum
1054 741 1106 802 est
1121 738 1361 820 aggrediamur,

231 839 265 902 in
288 839 514 905 distribuenda
537 840 677 905 materia
700 840 861 922 Druegeri
884 840 1046 905 rationem
1062 842 1261 923 sequendam
1284 842 1362 906 mihi

232 964 304 1007 esse
320 943 440 1008 censui.
475 944 528 1008 lta
543 947 654 1008 autem
669 964 739 1008 rem
759 943 899 1022 institui,
916 947 962 1022 ut,
986 965 1079 1026 quae,
1097 966 1169 1009 eum
1184 966 1249 1010 non
1272 967 1362 1010 rece-

232 1046 346 1111 derent
369 1068 389 1111 a
412 1047 538 1111 dicendi
561 1068 622 1111 usu
646 1050 816 1112 auctorum
839 1047 983 1130 optimae
1001 1047 1203 1127 Latinitatis,
1227 1049 1362 1114 minoris

231 1149 386 1214 momenti
403 1171 475 1214 csse
491 1149 689 1229 viderentur,
714 1149 778 1214 etsi
794 1171 858 1214 non
873 1171 1008 1233 prorsus
1025 1150 1220 1229 omitterem,
1240 1154 1361 1231 tamen,

231 1273 272 1316 ne
295 1253 440 1317 taedium
455 1253 640 1335 legentibus
656 1254 818 1331 afferrem,
836 1275 934 1335 quam
949 1254 1155 1336 paucissimis
1179 1255 1288 1319 verbis
1304 1256 1362 1320 ab·

231 1356 403 1421 solverem.
441 1355 562 1421 Contra
578 1377 661 1438 quae
677 1356 788 1421 inveni
803 1357 947 1422 Senecae
965 1357 1107 1440 propria,
1132 1361 1256 1438 quanta
1271 1359 1363 1441 potui

231 1458 403 1540 diligentia
426 1460 592 1549 adnotavi.

334 1563 404 1628 Iam
425 1563 528 1646 igitur
549 1564 679 1629 initium
702 1564 869 1647 capiamus
892 1585 912 1629 a
934 1563 1089 1646 genetivo
1112 1566 1296 1630 tractanda.

621 1772 650 1838 I.
686 1776 750 1839 De
772 1776 974 1856 qenetdco.

335 1926 389 1990 De
418 1931 798 2013 penetleopertite'oo.
845 1927 1143 2012 (Draoger§199.)
1182 1929 1364 1994 Necmille

233 2051 293 2095 nec
323 2032 389 2097 alia
411 2032 593 2097 numeralia
622 2033 709 2115 apud
731 2032 889 2098 Senecam
917 2054 990 2098 cum
1017 2032 1171 2115 genetivo
1200 2032 1360 2115 partitive

234 2135 482 2218 coniunguntur.

336 2239 533 2322 Saepissime
557 2243 668 2304 autem
690 2239 836 2322 genetivi
859 2239 1011 2323 partitivi
1026 2239 1170 2322 pendent
1194 2260 1236 2304 ex
1258 2239 1362 2304 nomi-

233 2341 338 2421 nibus,
362 2343 479 2425 quibus
502 2343 615 2427 copiae
638 2347 696 2408 aut
718 2343 937 2408 multitudinis
960 2343 1050 2408 notio
1073 2343 1169 2422 inest,
1194 2343 1265 2407 sive
1286 2346 1362 2407 sunt

234 2447 444 2513 substantiva
467 2447 538 2513 sive
553 2448 719 2513 adiectiva
741 2451 799 2512 aut
814 2451 933 2512 neutra
953 2447 1178 2531 pronominum
1202 2468 1261 2530 pro
1285 2446 1362 2510 sub-

233 2549 390 2614 stantivis
417 2555 586 2634 usurpata.
637 2552 689 2615 Ex
719 2550 810 2616 cuius
839 2550 969 2633 generis
1002 2550 1177 2633 exemplis,
1209 2548 1361 2630 quoniam

233 2652 319 2735 apud
336 2675 447 2718 omncs
463 2655 641 2738 scriptores
657 2655 791 2719 Latinos
807 2655 970 2738 permulta
986 2657 1071 2733 sunt,
1091 2675 1190 2718 unum
1206 2654 1360 2718 afferam:

321 2760 359 2822 15
370 2780 396 2822 ro
414 2759 509 2821 loe‘lril
524 2759 633 2841 refert,
648 2765 785 2842 quantos
800 2765 902 2842 pentes
924 2760 959 2821 io
974 2757 1076 2821 orbem
1091 2763 1232 2820 nostrum
1249 2755 1362 2820 Oriens

233 2860 389 2943 effuderit,
413 2868 565 2948 qnantum
587 2864 752 2924 notionum
774 2881 876 2924 aecum
899 2860 1016 2924 Xerses
1041 2859 1156 2924 trehet.

334 2964 510 3045 „Quantum
541 2965 721 3028 notionem“
754 2965 814 3029 hoc
843 2965 914 3029 loco
946 2967 998 3029 est
1026 2986 1085 3047 pro
1109 2970 1182 3049 quot
1211 2965 1362 3027 notiones.

232 3066 329 3133 Cuius
352 3068 504 3151 loquendi
526 3068 656 3150 generis
680 3069 832 3151 exempla
855 3067 940 3150 apud
964 3067 1142 3150 scriptores
1165 3066 1362 3150 optimorum

231 3175 414 3256 temporum
448 3173 506 3237 vix
540 3172 693 3255 reperies.
749 3171 812 3236 Sed
842 3171 965 3254 optime
999 3171 1152 3236 convenit
1182 3170 1257 3234 huie
1292 3171 1363 3234 loco

231 3274 403 3341 Plautinus
433 3277 519 3361 apud
549 3276 755 3358 Draegerum
785 3278 1018 3353 enumeratus,
1053 3275 1108 3357 qui
1143 3277 1194 3339 est
1231 3273 1360 3337 Poeenl.

230 3375 294 3441 ΙΙΙ
314 3379 345 3461 3,
368 3380 388 3441 5
409 3382 463 3451 sed
484 3382 560 3465 quid
582 3381 642 3444 tec
666 3387 787 3443 tontum
817 3379 976 3444 lominum
1000 3378 1053 3461 (=
1077 3386 1120 3442 tot
1142 3376 1288 3458 domines)
1313 3379 1360 3439 in·

231 3481 368 3546 cedunt?

331 3587 394 3653 Hic
416 3588 559 3654 fortasse
583 3588 655 3671 quis
679 3588 816 3652 miretur
839 3587 982 3652 Senecae
1004 3607 1099 3650 usum
1127 3584 1255 3650 dicendi
1279 3605 1355 3649 con-

229 3691 341 3756 venire
373 3715 446 3757 cum
477 3693 596 3758 Plauti.
653 3692 744 3770 Quod
774 3691 904 3774 saepius
936 3691 1060 3756 factum
1091 3693 1151 3755 est.
1204 3687 1358 3771 Exempli

229 3814 328 3859 eausa
343 3795 474 3878 profero
490 3797 587 3861 illud:
610 3815 760 3880 „aequem
776 3801 830 3875 est,
853 3793 913 3874 ot“,
938 3793 1022 3875 quod
1039 3791 1222 3858 Sanderus‘¹>
1241 3790 1359 3866 Arellii

179 3940 187 3951 ·
228 3897 325 3963 Fusci
351 3899 518 3983 proprium
550 3920 623 3963 osse
654 3899 742 3963 dicit.
797 3898 897 3961 Errat
927 3899 1039 3960 autem
1069 3881 1279 3978 Draegerusj
1309 3893 1364 3976 qui

227 4000 247 4065 l.
272 4023 298 4066 e.
320 4001 351 4064 ll
374 4024 404 4085 p.
429 4005 500 4080 267,
525 4006 699 4086 postquam
722 4002 802 4066 duos
829 4002 918 4066 locos
942 3999 1114 4064 Plautinos
1138 4000 1262 4078 attulit,
1287 3999 1359 4081 qui-

331 4213 339 4246 ¹
358 4211 471 4262 Numeri
490 4210 645 4278 significant
663 4210 780 4278 paginas
806 4213 833 4262 et
852 4225 948 4261 versus
976 4208 1104 4259 editionis
1128 4207 1360 4273 Kieselingianae.

328 4298 339 4333 ‘²
359 4297 472 4364 Sander‚
491 4298 664 4364 quaestiones
684 4298 712 4348 in
726 4296 857 4348 Senecam
872 4298 1012 4348 rhetorem
1026 4295 1204 4362 syntecticus,
1224 4292 1359 4359 Gryphia-

226 4382 351 4449 waldiae,
373 4386 445 4450 1872,
465 4402 491 4452 p.
510 4388 533 4436 5.

174 4464 346 4640 Α
