3076 4936
622 276 835 337 „31-

159 491 272 535 eorum
294 473 448 534 naturam
471 466 570 532 aliam
593 486 666 529 esse
689 463 873 545 intelleges,
919 462 969 528 Ae
996 465 1136 548 primum
1167 467 1297 548 quidem

160 593 314 638 enumero
337 572 399 636 440
424 576 518 652 capiat
542 569 679 632 decisam
702 567 783 631 nibil
805 570 839 631 44
862 568 970 631 altimo
983 570 1052 650 ⁸tine
1073 571 1154 633 citae
1174 571 1298 652 facien·

159 678 209 755 tis,
233 676 316 762 qnod
338 677 527 740 alterutram
549 676 584 737 in
603 679 729 755 partem
748 677 854 754 posset
876 672 993 751 notari,
1020 672 1158 736 Antonia
1177 681 1297 756 portat.

159 780 230 845 Hoc
267 779 353 844 enim
390 780 461 844 loeo
492 776 602 842 neseio
633 797 675 840 an
714 774 786 856 quis
823 775 950 858 putarit
986 774 1137 855 facientis
1174 778 1298 843 dietum

161 905 232 949 esse
266 905 325 966 pro
357 884 412 968 944
440 882 573 965 fecerat.
620 879 691 956 Qua
725 877 876 962 opinione
910 899 1026 942 vereor
1048 900 1089 943 ne
1112 879 1140 943 is
1163 902 1297 963 prorsus

160 986 351 1070 decipiatur.
396 985 484 1050 Nam
506 983 718 1068 participium
740 983 889 1056 facientis
916 981 1200 1065 interpretandum
1223 990 1293 1051 est:

161 1091 213 1174 944
232 1111 289 1173 per
311 1092 456 1154 nltimam
478 1091 561 1154 citae
583 1088 721 1171 spatinm
745 1086 825 1149 nibil
845 1085 997 1166 faciebat.

262 1193 385 1258 Similis
400 1196 452 1258 est
466 1192 518 1257 hie
533 1193 640 1257 loeus:
664 1192 727 1254 464
761 1191 901 1268 Asinius,
924 1190 978 1274 944
998 1187 1126 1253 Verrem
1141 1190 1298 1257 Ciceronis

62 1326 67 1336 ·
158 1317 247 1360 ream
264 1298 443 1380 fortissime
465 1297 646 1359 morientem
672 1294 817 1357 tradidit.
863 1292 949 1358 Nam
972 1295 1152 1358 morientem
1175 1294 1297 1361 dietum

159 1421 233 1465 esse
263 1400 369 1465 videri
401 1402 513 1482 potest
543 1419 601 1481 pro
632 1403 792 1460 mortmcm
818 1416 891 1460 esse.
937 1397 1000 1462 Sed
1023 1419 1141 1463 revera
1163 1400 1211 1464 ita
1233 1421 1298 1466 non

159 1506 221 1568 est.
266 1502 382 1584 Neque
419 1502 506 1566 enim
543 1499 827 1583 interpretandum
860 1502 912 1563 est
945 1499 1093 1563 Asinium
1132 1506 1297 1568 memoriae

159 1607 330 1670 tradidisse
356 1605 486 1669 'Verrem
517 1604 649 1684 fortiter
682 1611 841 1666 martmcm
872 1623 952 1682 esse,
988 1604 1045 1668 sed
1079 1602 1231 1669 Asinium
1262 1610 1297 1671 in

159 1710 249 1774 libris
270 1712 338 1774 sais
361 1707 487 1772 Verrem
508 1709 705 1792 pinxissem
729 1708 814 1769 erritn
836 1705 964 1781 fort-iter
986 1728 1018 1770 se
1040 1717 1203 1791 perentem.
1227 1712 1296 1777 Ita-

159 1835 221 1896 que
249 1817 380 1897 tempus
409 1834 568 1897 praesens
597 1811 819 1893 significatur,
848 1833 920 1876 eum
944 1812 1165 1895 descriptione
1188 1814 1296 1880 Asinii

159 1939 247 1982 mors
279 1917 394 1983 Verris
428 1915 544 1997 quovis
573 1919 721 1998 tempore
752 1914 876 1996 legenti
906 1915 999 1997 quasi
1030 1937 1189 1998 praesens
1218 1923 1296 1985 ante

164 2022 275 2087 oculos
298 2021 352 2086 sit.

262 2142 409 2208 Tertium
432 2141 539 2206 laeum
562 2141 647 2204 hune
673 2140 791 2204 affero:
824 2141 900 2203 5222
925 2138 961 2202 P.
987 2138 1164 2223 Scipionem
1187 2165 1208 2205 o
1230 2165 1296 2206 4444-

160 2246 278 2309 ioribna
308 2246 523 2308 desciscentem
553 2263 706 2326 peneresa
738 2262 824 2305 nrors
856 2246 890 2305 in
918 2263 1083 2306 rcnrnernm
1113 2245 1295 2328 Scipiommc

159 2349 307 2431 reposcit.
331 2347 419 2411 Nam
435 2368 507 2411 eum
523 2346 699 2430 partieipia
715 2347 930 2409 desciscentem
945 2367 1009 2410 non
1024 2349 1154 2430 tempus
1170 2348 1295 2431 signifi-

159 2454 288 2530 catum,
319 2450 376 2515 sed
408 2472 461 2514 res
491 2450 626 2515 minoris
656 2449 812 2515 momenti
844 2449 957 2513 addita
987 2447 1046 2526 sit,
1084 2451 1295 2535 participium

160 2554 345 2637 praesentis
368 2575 427 2618 suo
450 2554 520 2618 iure
544 2553 687 2637 positum
711 2552 772 2618 est.
810 2552 926 2634 Itaque
950 2551 978 2615 si
1000 2552 1063 2617 hoe
1085 2554 1294 2639 participium

161 2656 330 2722 enuntiato
363 2656 504 2722 relativo
539 2656 844 2739 interpretabimur,
880 2655 1051 2720 dicendum
1084 2658 1178 2723 nobis
1213 2660 1292 2726 erit:

59 2818 63 2825 .
160 2761 214 2844 9444
237 2782 257 2824 a
279 2762 449 2825 nemoribus
471 2763 538 2824 sais
561 2759 757 2840 desciscebat,
780 2760 800 2824 i.
818 2781 845 2824 e.
862 2762 914 2844 9444
930 2761 1102 2824 rectioribus
1123 2763 1289 2846 4404494444

157 2884 189 2928 sc
200 2863 378 2947 praebebat,
402 2885 482 2929 non:
507 2866 560 2948 9444
578 2916 584 2928 .
603 2864 806 2941 desciverat,
832 2862 902 2927 sive
922 2869 1089 2946 postquam
1105 2917 1112 2928 .
1130 2917 1136 2930 .
1154 2866 1290 2934 descivit.

259 2986 323 3052 Sed
346 2986 386 3051 de
408 2985 470 3050 hae
492 3006 528 3049 re
550 2984 718 3048 haetenus.
750 2983 878 3060 Restat,
902 2986 939 3047 ut
962 2982 1109 3048 dieamus
1132 2986 1172 3050 de
1194 2988 1293 3052 aerbis

154 3089 353 3174 percipiendi
383 3110 456 3153 eum
480 3088 654 3172 9444404940
679 3087 869 3152 coniunctis.
916 3088 1059 3163 auorum
1082 3090 1168 3172 apud
1192 3090 1291 3155 Sene-

159 3214 232 3259 oam
252 3191 465 3258 inveniuntur
487 3192 585 3257 haee:

259 3312 290 3395 1)
314 3315 473 3396 aidere;
505 3336 532 3379 e.
566 3335 597 3396 g.
634 3316 709 3379 7544
743 3334 811 3376 cnm
840 3313 966 3376 vidisset
990 3319 1114 3395 patrem
1141 3322 1294 3397 epentem,·

257 3434 291 3519 2)
312 3437 485 3517 andire,·
518 3457 545 3500 e.
569 3457 600 3518 g.
626 3437 721 3499 19844
747 3456 815 3499 cnm
839 3437 978 3499 aedisset
1000 3435 1167 3499 Latronem
1192 3436 1292 3500 decla·

320 3546 465 3603 mantem.

258 3658 312 3723 De
330 3661 564 3743 participio
582 3661 736 3744 fateri.
769 3659 929 3742 (Draeger
952 3658 969 3740 ἓ
993 3658 1078 3741 573).

258 3778 437 3864 Partieipio
460 3781 572 3860 futuri,
597 3783 682 3864 quod
698 3782 785 3865 apud
801 3781 988 3846 Ciceronem
1004 3802 1134 3865 semper
1148 3782 1218 3848 fere
1234 3786 1292 3849 ad-

112 3894 116 3903 ‘
156 3883 270 3950 ieetivi
285 3885 367 3963 loeo,
383 3884 551 3949 rarissime
566 3885 809 3969 praenuntiato
826 3888 1019 3967 usurpatum
1031 3884 1189 3965 videmus,
1206 3889 1291 3954 sieut

157 3987 280 4065 Livius,
304 3988 353 4053 ita
375 3989 498 4054 Seneca
522 4011 650 4072 quoque
673 4012 738 4054 non
761 3991 864 4054 solum
887 4012 945 4073 pro
961 3989 1125 4056 adieetivo
1142 3996 1199 4057 aut
1215 3994 1291 4056 sub-

157 4091 324 4171 stantive,
359 4092 416 4156 sed
439 4092 632 4175 saepissime
655 4093 756 4158 etiam
778 4115 838 4176 pro
862 4094 1031 4158 enuntiato
1064 4098 1122 4159 aut
1151 4096 1291 4160 relativo

156 4198 215 4261 4444
237 4194 413 4278 temporali
435 4198 493 4259 aut
515 4197 606 4261 finali
629 4196 743 4261 utitur.

260 4296 294 4381 1)
327 4297 419 4362 Part.
453 4299 515 4374 fret.
550 4307 612 4364 act.
648 4304 842 4382 usurpatum
876 4303 927 4364 est
960 4323 1019 4385 pro
1053 4302 1201 4365 adiectioo
1235 4309 1292 4370 aut

286 4398 290 4404 ’
317 4400 525 4466 substantioe:
559 4424 586 4468 e.
620 4426 651 4486 g.
686 4405 762 4467 1444
795 4406 850 4488 pici
880 4408 1051 4486 pueritiam
1084 4407 1216 4469 indmat
1250 4409 1293 4472 ad
