3076 4936
683 312 894 374 -34-

261 565 265 575 ,
326 499 512 584 Draegerus
542 500 643 566 etiam
674 501 770 584 plura
792 502 832 567 de
854 502 1029 587 participio
1051 507 1235 588 praesentis
1259 511 1354 578 abso-

222 606 292 671 luto
324 606 487 690 exposuit.
532 605 622 682 Quae
653 627 726 670 oum
758 626 869 671 eorum
900 606 981 671 nihil
1010 611 1096 692 apud
1119 611 1276 679 Senecam
1304 615 1355 680 in-

223 710 384 791 veniatur,
408 711 568 776 omittam.

325 816 442 897 Itaque
496 820 704 881 transeamus
760 816 801 879 ad
852 818 1149 900 participium
1204 825 1356 903 futuri

223 921 361 983 actiui
397 918 559 1002 (Draeger
597 918 615 1000 ἓ
654 915 742 1001 580).
802 918 893 995 Quod
931 941 1004 985 cum
1043 923 1129 1006 apud
1167 923 1355 991 Ciceronem

222 1024 373 1088 absolute
417 1045 578 1106 nusquam
619 1026 815 1105 usurpetur,
861 1023 1028 1107 Draegero
1066 1026 1204 1109 aliisque
1241 1029 1354 1095 Livius

221 1127 346 1210 primus
368 1126 472 1192 fuisse
495 1126 670 1191 videbatur
693 1125 851 1191 eiusmodi
875 1127 1003 1194 dicendi
1025 1150 1104 1194 usus
1128 1136 1252 1197 auctor.
1290 1133 1355 1199 Sed

222 1235 299 1297 ante
313 1252 435 1315 paucos
451 1253 554 1296 annos
571 1230 788 1294 Sciniolzinsl
805 1230 920 1297 Asinio
937 1233 1076 1299 Pollioni
1090 1233 1231 1317 primum
1247 1237 1354 1302 locum

221 1335 411 1415 vindicavit,
436 1335 555 1419 quippe
578 1335 611 1398 in
634 1334 725 1399 cuius
747 1334 904 1415 historiis,
928 1357 971 1401 ex
994 1337 1110 1419 quibus
1132 1337 1354 1421 fragmentum

221 1440 381 1505 traditum
397 1443 448 1505 est
464 1440 551 1523 apud
566 1439 722 1503 Senecam
738 1438 772 1502 in
788 1460 874 1504 suas.
903 1440 994 1519 Vtar,
1018 1441 1227 1525 participium
1249 1442 1354 1507 futuri

221 1543 324 1608 activi
347 1544 499 1609 absolute
521 1545 715 1626 usurpatum
746 1542 950 1609 inveniatur:
981 1546 1043 1608 468
1066 1545 1160 1608 hnins
1189 1567 1263 1629 erpo
1291 1548 1355 1610 oiri

221 1654 264 1711 tot
286 1650 440 1732 tantisque
463 1645 607 1730 operibns
628 1648 789 1710 mansuris
812 1648 847 1710 in
867 1667 954 1711 omne
976 1668 1085 1712 aeunni
1102 1649 1294 1732 praedicare
1317 1651 1354 1713 de

219 1753 459 1836 inpeniontqne
481 1751 644 1815 industrio
666 1771 896 1834 superuacuum
917 1759 971 1817 cst.

324 1873 611 1956 Porticipinni
629 1874 818 1957 perfecti
846 1875 1023 1958 passini,
1047 1873 1211 1958 (Draeger
1233 1874 1250 1956 ξ
1275 1876 1351 1956 581)

220 1999 416 2061 quamquam
451 1978 536 2061 apud
570 1978 727 2043 Senecam
762 1973 937 2061 'permultis
967 1972 1054 2043 locis
1077 1979 1227 2044 absolute
1256 2001 1351 2043 usur-

218 2085 332 2165 patum
369 2086 440 2160 est,
486 2085 596 2146 tamen
633 2082 667 2146 in
702 2082 764 2148 hoc
801 2103 920 2165 genere
960 2081 1065 2147 oratio
1103 2081 1172 2148 eius
1202 2105 1223 2148 a
1253 2083 1350 2149 solito

219 2186 346 2251 dicendi
369 2208 430 2251 usu
452 2185 522 2250 fere
544 2207 609 2251 non
640 2187 787 2252 recessit.
832 2187 948 2268 Itaque
978 2186 1061 2251 satis
1089 2186 1215 2252 habebo
1246 2208 1351 2270 pauca

219 2311 384 2373 exponere
407 2290 447 2354 de
469 2290 540 2355 ioco
563 2288 659 2355 huius
681 2290 861 2374 participii,
886 2290 940 2372 qui
965 2293 1024 2354 aut
1046 2293 1122 2354 ante
1146 2290 1352 2355 enuntiatum

218 2394 426 2477 primarium,
457 2394 571 2459 autin
594 2415 650 2473 eo,
681 2395 738 2459 sed
769 2395 960 2478 plerumque
990 2398 1067 2460 ante
1097 2394 1233 2459 verbum
1255 2394 1351 2459 huius

220 2497 382 2562 enuntiati
414 2519 487 2563 esse
519 2499 613 2564 solet.
660 2498 706 2563 Ut
736 2520 814 2564 vero
845 2503 1015 2582 prematur
1047 2499 1108 2564 hoc
1141 2498 1350 2582 participium

219 2602 404 2667 absolutum
441 2605 475 2668 et
512 2623 585 2667 cum
618 2602 652 2667 vi
688 2624 726 2667 ac
759 2602 902 2686 pondere
940 2602 1079 2685 quodam
1116 2602 1239 2667 dictum
1276 2623 1350 2667 esse

218 2704 379 2784 videatur,
404 2705 438 2770 in
453 2706 516 2770 fine
536 2705 699 2771 enuntiati
721 2705 798 2790 poni
820 2709 940 2789 potest.
972 2706 1062 2783 Quod
1085 2705 1284 2789 perspicitur
1307 2691 1371 2769 ex·

217 2808 268 2872 his
291 2808 388 2874 locis:
412 2811 471 2873 381
492 2811 616 2874 inutilis
637 2813 702 2873 nita
725 2811 844 2893 futuru
868 2816 895 2873 ei
917 2816 1014 2873 morte
1047 2811 1179 2892 proirior
1208 2809 1350 2873 detractu

217 2912 376 2995 libertatc;
405 2916 467 2978 414
497 2936 571 2978 num
600 2915 675 2998 quin
706 2912 811 2977 Cicero
834 2934 889 2977 nec
912 2920 975 2976 tani
1011 2913 1139 2977 timidus
1160 2912 1284 2996 fuerit,
1314 2918 1350 2975 nt

217 3023 347 3100 reparet
379 3018 551 3082 Antonium
585 3039 640 3081 nec
674 3025 738 3081 torn
772 3018 901 3096 stultns,
935 3024 971 3080 nt
1001 3018 1131 3080 enornri
1156 3035 1249 3100 posse
1280 3036 1349 3078 enin

217 3122 369 3204 speraret,
392 3143 478 3186 ncino
502 3123 623 3186 dubitat
646 3128 769 3204 eccepto
791 3121 904 3186 Asinio
927 3121 1077 3186 Pollione.

319 3243 537 3308 Inveniuntur
566 3247 677 3308 autem
699 3242 800 3309 etiam
821 3241 894 3320 loci,
918 3240 1035 3324 quibus
1058 3239 1265 3324 participium
1289 3240 1346 3304 ab·

216 3346 376 3426 solutum,
407 3369 603 3430 quamquam
625 3347 659 3411 in
681 3349 746 3411 fine
776 3345 939 3411 enuntiati
968 3345 1111 3429 positum
1135 3347 1204 3422 est,
1236 3348 1347 3408 tamen

215 3450 303 3515 nullo
334 3452 428 3516 modo
458 3455 623 3533 urgeatur.
669 3451 737 3527 Quo
767 3471 809 3515 ex
838 3471 973 3514 numero
1007 3452 1074 3514 est:
1108 3450 1188 3512 1090
1219 3450 1248 3510 si
1268 3449 1297 3511 is
1319 3454 1346 3510 tc

215 3563 287 3620 onte
308 3556 466 3642 rapuisset
489 3563 525 3631 et,
539 3556 669 3639 nuptias
692 3562 846 3637 optasses,
868 3555 1049 3637 interposito
1072 3552 1181 3617 deinde
1203 3559 1346 3635 tempore,

214 3669 382 3745 antequam
403 3659 548 3743 nuberes,
582 3660 663 3724 tnnc
686 3661 839 3741 uitiasset,
862 3680 995 3744 napuras
1017 3661 1105 3724 ilioni
1129 3656 1233 3720 debere
1255 3657 1344 3734 niori,

213 3771 309 3848 rapto
331 3764 475 3828 intente?

314 3888 558 3971 Participin
578 3886 686 3970 perf.
707 3907 815 3970 poss.
840 3885 1039 3965 absoluto,
1061 3884 1213 3948 norisii
1235 3882 1343 3946 niodo

211 3999 442 4078 nsnrputn,
476 3993 562 4076 apud
585 3992 742 4057 Senecam
771 4011 847 4056 rara
876 3992 961 4055 sunt.
1007 3988 1094 4053 Nam
1125 4009 1208 4070 quae
1238 3986 1344 4071 prima

313 4206 322 4239 1
342 4203 474 4268 Sohmslz,
503 4202 595 4255 Ueber
615 4203 667 4255 den
687 4201 933 4270 Spraohgebruuoh
955 4200 1003 4253 des
1021 4201 1132 4253 Asinius
1150 4198 1247 4264 Pollio,
1265 4198 1344 4250 Fest-

211 4290 309 4343 schrift
335 4307 382 4342 zur
409 4288 538 4341 XXXVI.
564 4290 774 4356 Versommlung
801 4290 946 4341 deutscher
973 4289 1137 4355 Philologen
1165 4286 1219 4337 und
1248 4284 1343 4337 Schul-

210 4381 323 4430 mtnner
335 4377 376 4430 'zu
393 4377 546 4429 Karlsruhe
566 4379 641 4443 1882,
659 4394 686 4445 p.
705 4380 745 4427 89.
