3076 4936
666 264 878 327 „43-

204 460 239 523 ob
264 479 391 524 coruino
416 458 534 520 deiecto
557 463 616 534 est,
650 476 723 520 cum
755 474 855 518 causa
879 451 1039 517 deiciendi
1061 452 1206 518 incestus
1229 453 1339 533 fuerit,

205 565 262 630 sed
278 564 534 646 interpretemur
549 562 680 643 oportet
696 560 781 642 onon
799 557 842 620 ool
855 559 956 640 finem
979 557 1095 620 deiecto
1117 567 1170 623 ost.
1203 557 1341 623 Deiecto

205 669 292 736 enim
315 670 376 746 est,
400 669 437 730 ut
460 665 593 750 periret.
621 664 746 729 Eadem
769 663 871 746 igitur
893 662 974 727 haec
990 662 1157 729 sententia
1173 665 1225 727 est
1241 665 1340 744 atque

205 794 254 851 ea,
278 792 376 853 quam
392 769 477 834 dixit
493 768 624 834 Diocles
640 767 811 850 Carystius
829 768 927 831 10011
951 769 999 828 καὶ
1022 761 1102 840 ἅπαξ
1124 767 1172 828 καὶ
1195 765 1341 848 δεύτερον

202 877 251 938 καὶ
275 874 377 958 τρίτον
399 874 448 936 καὶ
471 870 562 953 μέχρι
585 868 623 934 tv
639 866 673 934 οὗ
691 870 787 956 πέσῃς
802 868 876 953 (sed
891 868 1008 934 melius
1024 868 1186 934 Haasius:
1206 866 1340 956 πάθῃς),

202 976 252 1062 ἐφ’
268 976 284 1041 ὅ
299 976 454 1058 ditinum.

302 1106 398 1173 Alter
419 1106 511 1171 locus
535 1107 603 1170 est:
637 1106 723 1170 2043
754 1107 862 1188 nupsit
890 1106 944 1169 isti
972 1111 1103 1188 propter
1132 1104 1259 1185 liberos,
1286 1106 1340 1169 sed

201 1214 343 1294 infelices
365 1212 494 1294 nuptias
528 1211 586 1273 cito
621 1217 779 1290 coronans
800 1211 962 1294 oppressit.
1006 1211 1078 1274 Hoc
1110 1230 1238 1292 quoque
1268 1210 1339 1275 loco

200 1323 333 1401 proptor
347 1315 479 1380 finalem
496 1335 627 1378 sensum
641 1314 762 1379 habere
786 1319 934 1398 apparet.
970 1314 1058 1379 Nam
1070 1320 1201 1397 propter
1217 1312 1338 1392 liberos,

202 1420 279 1503 quid
303 1418 468 1502 significat
490 1417 554 1482 nisi
577 1424 612 1480 ut
634 1417 747 1482 liberos
777 1439 813 1480 ea
843 1421 905 1482 isto
935 1418 1053 1482 tolieret
1082 1421 1140 1482 aut
1170 1420 1207 1482 ut
1229 1417 1340 1481 verbis
1400 1430 1403 1434 ’

202 1526 288 1608 apud
304 1525 469 1591 Romanos
486 1522 698 1588 sollemnibus
720 1526 869 1589 utamur:
892 1522 1061 1586 liberorum
1084 1521 1339 1607 quaerendorum

205 1649 302 1691 conso
313 1629 329 1691 ‚2

303 1758 561 1842 Praepositionis
586 1757 627 1822 ot
650 1758 740 1824 notio
764 1779 894 1842 semper
917 1757 1059 1823 causalis
1082 1760 1143 1822 est.

301 1888 526 1951 Adversus
560 1909 722 1970 nusquam
755 1886 921 1952 notionem
954 1888 1091 1953 localem
1124 1887 1245 1965 habet,
1281 1887 1337 1951 sed
1376 1902 1378 1907 '

202 1995 392 2078 plerumque
415 1991 548 2057 notione
572 1991 694 2057 infesta
717 1991 899 2057 adhibitum
922 1994 983 2056 est.
1028 1990 1203 2057 Nonnullis
1227 1993 1337 2055 autem

201 2097 282 2162 locis
298 2096 384 2160 idem
400 2095 491 2159 valet
507 2098 607 2177 atque
623 2117 719 2178 erpo:
746 2097 839 2160 16411
858 2098 892 2161 et
907 2115 935 2158 as
958 2094 1034 2159 bono
1050 2096 1201 2161 aduersus
1212 2100 1337 2177 petroni

201 2203 316 2281 animo,
342 2200 440 2263 16411
463 2198 540 2261 dono
564 2200 714 2263 odoersns
737 2220 768 2262 se
791 2201 906 2263 oniino.

300 2328 391 2393 Nihil
415 2328 479 2393 nisi
502 2330 703 2395 contrarium
727 2329 948 2412 significatur:
979 2331 1037 2395 411
1073 2331 1223 2415 quomodo
1254 2332 1337 2416 qnis-

198 2457 255 2520 qne
277 2456 308 2500 se
330 2455 367 2498 eir
388 2434 546 2498 historicis
569 2436 722 2500 otoosos
744 2437 928 2522 ineinorioin
949 2435 1106 2499 Ciceronis
1128 2437 1266 2520 cesserit.

301 2563 457 2629 Contio
479 2587 609 2649 semper
629 2566 785 2631 infestam
808 2566 974 2631 notionem
997 2567 1105 2632 habet.
1122 2601 1164 2610 --
1179 2565 1281 2631 Ante
1303 2571 1337 2633 et

200 2678 292 2754 post
315 2670 412 2736 solito
435 2692 526 2735 more
549 2673 709 2754 usurpata
731 2673 818 2735 sunt.

301 2799 325 2863 S
332 2800 527 2874 ecnnciiiin
557 2822 655 2865 sensu
684 2800 781 2866 locali
805 2800 928 2869 dictum
952 2804 1020 2866 est:
1044 2803 1142 2866 30811
1166 2803 1336 2866 secundnm

199 2906 312 2968 motois
334 2906 530 2989 sepilierunt,¹
562 2904 679 2970 deinde
707 2926 806 2970 sensu
829 2905 1021 2988 temporali,
1053 2906 1138 2987 quod
1161 2927 1225 2971 non
1248 2907 1334 2989 apud

199 3030 311 3074 omnes
343 3008 522 3092 scriptores
553 3008 587 3072 in
618 3030 679 3073 usu
710 3008 791 3073 fuit:
824 3010 922 3072 24415
945 3010 1113 3073 secundnm
1140 3010 1335 3093 principiam

197 3115 304 3177 station
322 3113 410 3195 fnpo
428 3113 466 3194 pit
475 3132 487 3192 ;
510 3115 581 3177 tum
598 3111 745 3176 ordinem
762 3111 942 3194 significat:
967 3115 1046 3177 9520
1060 3113 1213 3196 quidquid
1228 3134 1334 3176 secun·

200 3218 274 3281 dein
290 3217 362 3281 deos
376 3218 610 3280 sanctissimum
625 3223 679 3298 est,
705 3222 847 3279 contecto
863 3236 919 3279 sno
932 3216 1064 3298 polluit;
1087 3216 1225 3299 denique
1247 3217 1334 3282 idem

198 3323 289 3386 valet
305 3343 343 3386 ac
360 3349 400 3374 =
417 3342 458 3384 an
473 3327 615 3405 periston.
648 3323 710 3385 396
720 3341 748 3383 20
770 3322 956 3385 centumviri
976 3320 1133 3400 dicerunt,
1157 3320 1235 3388 dore
1250 3323 1334 3403 ipsos

198 3426 366 3490 secnridinn
390 3425 611 3488 odoersorinni
634 3424 761 3489 Albucii
784 3477 791 3490 .
817 3477 823 3490 .
849 3477 855 3490 .

300 3547 483 3611 Proeier
513 3547 652 3612 localem
686 3547 852 3612 notionem
885 3547 1004 3612 habet:
1030 3549 1112 3612 1061
1136 3549 1333 3612 transierunt

195 3659 324 3734 praeter
343 3653 446 3716 ocnios
461 3670 552 3732 ineos,
574 3658 705 3733 praeter
717 3652 787 3733 filii
810 3672 934 3733 onorius,
958 3653 1056 3716 30211
1074 3649 1195 3715 idoncos
1208 3660 1334 3734 praeter

198 3757 376 3839 sepolcnnin
398 3756 522 3820 inotris.

297 3875 360 3940 Sed
400 3877 497 3958 longe
538 3875 687 3959 plurimis
730 3877 810 3942 locis
852 3877 938 3942 idem
977 3878 1068 3943 valet
1106 3899 1145 3943 ac
1184 3882 1332 3945 nostrum

198 3999 317 4042 onsser.

299 4100 404 4164 Valde
437 4102 610 4167 adamasse
641 4102 773 4168 videtur
796 4103 920 4170 Seneca
950 4105 1227 4189 praepositionem
1246 4128 1331 4190 per,

200 4224 283 4285 quae
300 4223 399 4268 sensu
414 4205 520 4284 locali,
537 4206 721 4289 temporali,
737 4207 991 4288 instrumentali,
1007 4209 1129 4276 modali
1144 4213 1331 4294 usurpatur.

199 4306 310 4389 Atque
342 4328 439 4371 sensu
471 4308 716 4375 instrumentali
746 4332 811 4377 non
842 4313 947 4378 solum
970 4312 998 4377 si
1021 4313 1061 4380 de
1083 4315 1181 4379 rebus
1203 4313 1332 4395 dicitur,
