3076 4936
665 336 876 397 -12-

308 524 464 589 Fortasse
491 524 676 589 2112222132
706 524 859 590 irnheeille
889 508 1024 589 materie
1055 527 1130 589 deos
1158 547 1213 590 cos
1243 547 1334 592 orsos

204 637 248 694 est
270 670 310 677 —
334 627 396 694 huc
418 627 541 694 referre
563 627 651 694 licet.

306 733 362 797 De
385 731 571 798 ebletioo
593 735 659 817 qai
681 733 1149 819 diciturseperatioeis.
1174 735 1334 819 (Draeger

204 836 318 918 §2l9).
339 836 417 902 Cum
427 838 513 921 apud
524 837 720 921 optimorum
736 842 806 903 tum
818 839 904 922 apud
916 838 1135 922 posteriorum
1150 842 1334 923 temporum

204 942 382 1025 scriptores
392 964 456 1007 non
466 941 562 1026 pauci
574 942 712 1013 ablativi
723 943 941 1026 separationis
950 942 1162 1009 inveniuntur
1171 965 1213 1009 ex
1224 945 1334 1010 verbis

203 1045 382 1128 pendentes
405 1045 612 1129 maximeque
635 1069 678 1113 ex
701 1047 749 1113 eis
773 1069 856 1130 quae
879 1071 950 1114 cum
967 1047 1264 1132 praepositionibus
1283 1049 1332 1130 eb,

205 1149 250 1229 de,
263 1169 300 1213 ec
312 1151 493 1233 composita
506 1154 591 1216 sunt.
616 1153 758 1229 Quorum
774 1152 860 1235 apud
873 1152 1028 1218 Senecam
1044 1156 1220 1218 occurrunt
1234 1153 1332 1219 haec:

306 1255 329 1320 I.
363 1254 474 1320 Verba
497 1254 667 1338 simplicia.

309 1357 490 1436 „Cedere“
527 1362 579 1424 ter
613 1380 685 1424 cum
718 1359 804 1423 nudo
837 1359 984 1425 ablativo
1022 1359 1229 1425 coniunctum
1263 1364 1332 1427 est:

202 1465 264 1527 424
287 1463 361 1527 erte
384 1470 526 1543 cesserat,
551 1465 627 1528 8212
650 1462 722 1526 bute
742 1471 873 1546 praetor
895 1466 947 1526 eie
970 1463 1061 1529 cedet.

303 1566 380 1632 Alia
403 1570 513 1632 autem
537 1570 588 1632 est
610 1569 729 1631 natura
751 1566 843 1632 tertii
872 1566 952 1631 loci:
986 1569 1081 1632 10722
1111 1587 1205 1651 qoem
1235 1588 1332 1650 poene

200 1673 249 1735 illi
271 1674 391 1754 optione
415 1673 570 1736 cessimus,
616 1672 678 1737 Hic
701 1671 786 1736 enim
811 1671 977 1737 ablativus
999 1671 1207 1737 limitationis
1233 1672 1331 1738 intel-

200 1775 357 1857 legendus
380 1775 614 1841 essevidetur.
660 1776 723 1841 Sed
745 1775 889 1840 fortasse
911 1775 1013 1840 etiam
1034 1776 1120 1841 hunc
1149 1776 1331 1841 ablativum

201 1879 419 1961 separationis
442 1879 550 1944 dicere
572 1900 754 1961 possumus,
801 1878 898 1961 Optio
922 1879 1007 1943 enim
1031 1879 1124 1961 quasi
1147 1880 1237 1944 locus
1260 1879 1331 1945 sive

200 1981 255 2047 via
289 1982 340 2049 est
374 2005 438 2066 qua
471 1983 555 2048 alius
589 1981 646 2047 alii
675 1983 771 2048 cedit.
816 1983 863 2049 At
895 1983 1008 2049 dubito
1042 2004 1085 2048 an
1118 2005 1177 2067 pro
1212 1985 1332 2066 optione

201 2085 407 2151 scribendum
430 2086 474 2152 sit
496 2088 657 2169 optionem.

302 2189 413 2255 Cicero
436 2189 557 2272 aliique
579 2211 621 2256 ex
645 2191 745 2256 verbo
769 2190 874 2254 cedere
895 2194 929 2256 et
951 2191 1073 2255 nudum
1092 2192 1274 2258 ablativum
1297 2196 1331 2258 et

199 2293 459 2378 praepositiones
482 2294 530 2375 ab,
554 2295 601 2373 (te,
625 2314 661 2357 ee
683 2294 862 2378 pendentes
884 2293 1020 2360 faciunt.

307 2397 530 2476 „Solvere“:
579 2400 678 2464 17624
717 2399 833 2462 solutos
870 2401 955 2480 ipsos
992 2400 1113 2463 vinculo
1156 2401 1331 2484 relipioeis,

202 2505 301 2568 35122
321 2502 422 2581 fortis
445 2523 587 2586 neceque
609 2502 754 2584 soletum,
777 2503 872 2566 35121
890 2501 1007 2585 fertis,
1030 2522 1114 2565 coxo
1136 2503 1256 2566 solutes
1277 2510 1330 2567 est.

303 2606 382 2671 Cum
410 2607 471 2672 hoc
501 2628 628 2689 quoque
657 2607 758 2671 verbo
788 2627 916 2689 semper
943 2606 1012 2671 fere
1040 2606 1206 2672 ablativus
1235 2629 1330 2690 prae-

199 2710 362 2794 positione
384 2732 449 2775 non
472 2710 585 2776 addita
607 2709 874 2792 coniungebatur.

307 2813 560 2892 „Libererc“:
593 2816 689 2879 17622
713 2814 793 2877 dixit
815 2813 1024 2877 iureiurando
1050 2815 1139 2878 illem
1168 2815 1331 2880 liberatem

199 2919 253 2981 illo
277 2938 362 2998 cese,
386 2916 904 2983 36322211222222221222211222
934 2915 1080 2980 liberaret
1109 2924 1201 3000 metu,
1233 2920 1326 2984 39721

198 3022 329 3086 liberavi
351 3028 379 3086 te
401 3042 520 3086 secerno
542 3022 699 3085 dedecore.

302 3127 371 3204 Quo
394 3148 467 3193 oum
489 3127 589 3191 verbo
613 3125 756 3190 omnium
778 3128 961 3207 temporum
984 3124 1161 3207 scriptores
1184 3124 1330 3191 crebrius

199 3229 381 3296 ablativum
405 3250 501 3312 quam
523 3227 800 3312 praepositionem
823 3227 1072 3292 coniunxerunt.

301 3332 494 3398 Addendum
525 3334 577 3396 est
609 3330 695 3413 apud
727 3330 929 3411 Draegerum
963 3350 1005 3393 ex
1038 3329 1161 3395 Seneca
1193 3332 1330 3396 verbum

203 3439 412 3516 „leuterdz

304 3544 380 3605 1322
410 3561 514 3604 rerem
545 3547 697 3603 naturam
726 3539 857 3602 statione
884 3539 1016 3600 morteuil
1046 3558 1115 3601 secr.
1160 3538 1213 3603 Sic
1243 3539 1329 3605 enim

198 3645 305 3710 scribo
329 3666 402 3709 cum
417 3643 571 3722 Sandero,
596 3641 650 3725 qui
671 3642 692 3706 l.
709 3663 735 3706 c.
752 3642 784 3706 II
796 3662 828 3723 p.
844 3643 883 3704 21
909 3640 948 3705 (12
971 3639 1117 3705 hocloco
1133 3641 1326 3726 disputavit.

198 3748 309 3814 Etiam
331 3748 509 3812 Muellerus
531 3748 552 3811 l.
576 3748 596 3811 l.
621 3745 767 3811 codicum
789 3745 891 3810 verba
913 3743 1045 3826 integra
1067 3742 1213 3811 retinuit.

301 3853 341 3917 II.
376 3851 489 3917 Verba
512 3850 702 3934 composita.

304 3954 486 4033 „Abesse“
506 3955 696 4045 plerumque
708 3973 780 4017 curn
792 3951 1034 4035 praepositione
1047 3950 1086 4014 eb
1105 3951 1326 4036 coniungitur;

199 4058 256 4124 sed
278 4079 342 4124 uno
364 4060 435 4124 loco
459 4079 531 4123 cum
554 4077 608 4134 ee3
636 4056 690 4141 qui
713 4077 791 4121 usus
821 4056 997 4121 secundum
1020 4056 1223 4140 Draegcrum
1253 4076 1326 4139 per-

198 4183 293 4228 rarus
316 4165 381 4227 est:
406 4164 469 4226 812
492 4160 596 4225 absint
618 4181 655 4224 ea
677 4159 734 4224 boc
752 4159 829 4242 foro
851 4162 982 4225 lenones.

306 4263 555 4343 „Abstinere“
582 4264 669 4348 apud
692 4264 849 4330 Senecam
876 4264 990 4330 eodem
1020 4264 1115 4328 modo
1146 4261 1327 4328 adhibitum

201 4373 252 4435 est
280 4373 379 4452 atque
408 4367 494 4451 apud
523 4367 719 4434 Ciceronem.
764 4368 850 4434 Nam
878 4368 906 4433 si
933 4365 1109 4434 transitive
1140 4368 1327 4449 usurpatur,

197 4600 313 4650 Α
